<?xml version="1.0" encoding="UTF-8" standalone="no"?><searchRetrieveResponse xmlns="http://www.loc.gov/zing/srw/">
	<version>1.2</version>
	<numberOfRecords>122</numberOfRecords>
	<records>
		<record>
			<recordSchema>marcxml</recordSchema>
			<recordPacking>xml</recordPacking>
			<recordData>
				<record xmlns="http://www.loc.gov/MARC21/slim">
					<leader>01656nam a2200337 c 4500</leader>
					<controlfield tag="001">9910555440105506</controlfield>
					<controlfield tag="005">20210409082546.0</controlfield>
					<controlfield tag="008">190604t20192019stk           000 0 eng d</controlfield>
					<datafield ind1=" " ind2=" " tag="020">
						<subfield code="a">9780748691838</subfield>
					</datafield>
					<datafield ind1=" " ind2=" " tag="020">
						<subfield code="a">0748691839</subfield>
					</datafield>
					<datafield ind1=" " ind2=" " tag="035">
						<subfield code="a">(swissbib)005396778-41slsp_network</subfield>
					</datafield>
					<datafield ind1=" " ind2=" " tag="035">
						<subfield code="a">005396778</subfield>
						<subfield code="9">ExL</subfield>
					</datafield>
					<datafield ind1=" " ind2=" " tag="035">
						<subfield code="a">(IDSSG)001055544HSB01</subfield>
					</datafield>
					<datafield ind1=" " ind2=" " tag="035">
						<subfield code="a">(OCoLC)1107344488</subfield>
					</datafield>
					<datafield ind1=" " ind2=" " tag="035">
						<subfield code="a">(EXLNZ-41SLSP_NETWORK)991124845059705501</subfield>
					</datafield>
					<datafield ind1=" " ind2=" " tag="040">
						<subfield code="a">DEBBG</subfield>
						<subfield code="b">ger</subfield>
						<subfield code="e">rda</subfield>
						<subfield code="d">CH-ZuSLS</subfield>
					</datafield>
					<datafield ind1="0" ind2=" " tag="041">
						<subfield code="a">eng</subfield>
					</datafield>
					<datafield ind1="1" ind2=" " tag="100">
						<subfield code="a">Hatlebrekke, Kjetil Anders</subfield>
						<subfield code="e">Verfasser</subfield>
						<subfield code="4">aut</subfield>
					</datafield>
					<datafield ind1="1" ind2="0" tag="245">
						<subfield code="a">&lt;&lt;The&gt;&gt; problem of secret intelligence</subfield>
						<subfield code="c">Kjetil Anders Hatlebrekke</subfield>
					</datafield>
					<datafield ind1=" " ind2="1" tag="264">
						<subfield code="a">Edinburgh</subfield>
						<subfield code="b">Edinburgh University Press</subfield>
						<subfield code="c">[2019]</subfield>
					</datafield>
					<datafield ind1=" " ind2="4" tag="264">
						<subfield code="c">© 2019</subfield>
					</datafield>
					<datafield ind1=" " ind2=" " tag="300">
						<subfield code="a">ix, 326 Seiten</subfield>
					</datafield>
					<datafield ind1=" " ind2=" " tag="336">
						<subfield code="b">txt</subfield>
						<subfield code="2">rdacontent</subfield>
					</datafield>
					<datafield ind1=" " ind2=" " tag="337">
						<subfield code="b">n</subfield>
						<subfield code="2">rdamedia</subfield>
					</datafield>
					<datafield ind1=" " ind2=" " tag="338">
						<subfield code="b">nc</subfield>
						<subfield code="2">rdacarrier</subfield>
					</datafield>
					<datafield ind1="0" ind2=" " tag="490">
						<subfield code="a">Intelligence, surveillance and secret warfare</subfield>
					</datafield>
					<datafield ind1=" " ind2=" " tag="520">
						<subfield code="a">What is intelligence – why is it so hard to define, and why is there no systematic theory of intelligence? Classic intelligence analysis is based on an inference between history and the future – and this has led to a restriction in how we can perceive new threats, and new variations of threats. Now, Kjetil Anders Hatlebrekke rethinks intelligence analysis, arguing that good intelligence is based on understanding the threats that appear beyond our experience, and are therefore the most dangerous to society. -- Publisher</subfield>
					</datafield>
					<datafield ind1=" " ind2="7" tag="650">
						<subfield code="a">Geheimdienst</subfield>
						<subfield code="2">gnd</subfield>
						<subfield code="0">(DE-588)4019737-2</subfield>
					</datafield>
					<datafield ind1=" " ind2="7" tag="650">
						<subfield code="a">Evaluation</subfield>
						<subfield code="2">gnd</subfield>
						<subfield code="0">(DE-588)4071034-8</subfield>
					</datafield>
					<datafield ind1=" " ind2="7" tag="650">
						<subfield code="a">Politische Theorie</subfield>
						<subfield code="2">gnd</subfield>
						<subfield code="0">(DE-588)4046563-9</subfield>
					</datafield>
					<datafield ind1="0" ind2="8" tag="776">
						<subfield code="i">Erscheint auch als E-Book</subfield>
						<subfield code="z">9780748691852</subfield>
					</datafield>
					<datafield ind1="0" ind2="8" tag="776">
						<subfield code="i">Erscheint auch als E-Book</subfield>
						<subfield code="z">9780748691845</subfield>
					</datafield>
					<datafield ind1=" " ind2=" " tag="AVA">
						<subfield code="0">9910555440105506</subfield>
						<subfield code="8">2239464930005506</subfield>
						<subfield code="a">41SLSP_HSG</subfield>
						<subfield code="b">HSG</subfield>
						<subfield code="c">Basement</subfield>
						<subfield code="d">MF 9500 H364</subfield>
						<subfield code="e">available</subfield>
						<subfield code="f">1</subfield>
						<subfield code="g">0</subfield>
						<subfield code="j">UG</subfield>
						<subfield code="k">4</subfield>
						<subfield code="p">1</subfield>
						<subfield code="q">HSG</subfield>
					</datafield>
				</record>
			</recordData>
			<recordIdentifier>9910555440105506</recordIdentifier>
			<recordPosition>51</recordPosition>
		</record>