
		<record>
			<recordSchema>marcxml</recordSchema>
			<recordPacking>xml</recordPacking>
			<recordData>
				<record xmlns="http://www.loc.gov/MARC21/slim">
					<leader>03558nam a22006615i 4500</leader>
					<controlfield tag="001">9911261005105506</controlfield>
					<controlfield tag="005">20190430100931.0</controlfield>
					<controlfield tag="006">m|||||o||d||||||||</controlfield>
					<controlfield tag="007">cr |||||||||||</controlfield>
					<controlfield tag="008">190430s2018    ne     fo  d z      eng d</controlfield>
					<datafield ind1=" " ind2=" " tag="020">
						<subfield code="a">90-485-3669-3</subfield>
					</datafield>
					<datafield ind1="7" ind2=" " tag="024">
						<subfield code="a">10.1515/9789048536696</subfield>
						<subfield code="2">doi</subfield>
					</datafield>
					<datafield ind1=" " ind2=" " tag="035">
						<subfield code="a">(CKB)4100000007881497</subfield>
					</datafield>
					<datafield ind1=" " ind2=" " tag="035">
						<subfield code="a">(WaSeSS)IndRDA00125344</subfield>
					</datafield>
					<datafield ind1=" " ind2=" " tag="035">
						<subfield code="a">(DE-B1597)521588</subfield>
					</datafield>
					<datafield ind1=" " ind2=" " tag="035">
						<subfield code="a">(OCoLC)1076750916</subfield>
					</datafield>
					<datafield ind1=" " ind2=" " tag="035">
						<subfield code="a">(DE-B1597)9789048536696</subfield>
					</datafield>
					<datafield ind1=" " ind2=" " tag="035">
						<subfield code="a">(EXLCZ)994100000007881497</subfield>
					</datafield>
					<datafield ind1=" " ind2=" " tag="040">
						<subfield code="a">DE-B1597</subfield>
						<subfield code="b">eng</subfield>
						<subfield code="c">DE-B1597</subfield>
						<subfield code="e">rda</subfield>
					</datafield>
					<datafield ind1="0" ind2=" " tag="041">
						<subfield code="a">eng</subfield>
					</datafield>
					<datafield ind1=" " ind2=" " tag="043">
						<subfield code="a">e-hu---</subfield>
					</datafield>
					<datafield ind1=" " ind2=" " tag="044">
						<subfield code="a">ne</subfield>
						<subfield code="c">NL</subfield>
					</datafield>
					<datafield ind1=" " ind2="4" tag="050">
						<subfield code="a">Z103</subfield>
						<subfield code="b">.L364 2018</subfield>
					</datafield>
					<datafield ind1=" " ind2="7" tag="072">
						<subfield code="a">HIS040000</subfield>
						<subfield code="2">bisacsh</subfield>
					</datafield>
					<datafield ind1="0" ind2="4" tag="082">
						<subfield code="a">652.8</subfield>
						<subfield code="2">23</subfield>
					</datafield>
					<datafield ind1="1" ind2=" " tag="100">
						<subfield code="a">Lang, Benedek,</subfield>
						<subfield code="e">author.</subfield>
					</datafield>
					<datafield ind1="1" ind2="0" tag="245">
						<subfield code="a">Real Life Cryptology /</subfield>
						<subfield code="c">Benedek Lang.</subfield>
					</datafield>
					<datafield ind1=" " ind2="1" tag="264">
						<subfield code="a">Amsterdam :</subfield>
						<subfield code="b">Amsterdam University Press,</subfield>
						<subfield code="c">[2018]</subfield>
					</datafield>
					<datafield ind1=" " ind2="4" tag="264">
						<subfield code="c">©2018</subfield>
					</datafield>
					<datafield ind1=" " ind2=" " tag="300">
						<subfield code="a">1 online resource (224 pages)</subfield>
					</datafield>
					<datafield ind1=" " ind2=" " tag="336">
						<subfield code="a">text</subfield>
						<subfield code="b">txt</subfield>
						<subfield code="2">rdacontent</subfield>
					</datafield>
					<datafield ind1=" " ind2=" " tag="337">
						<subfield code="a">computer</subfield>
						<subfield code="b">c</subfield>
						<subfield code="2">rdamedia</subfield>
					</datafield>
					<datafield ind1=" " ind2=" " tag="338">
						<subfield code="a">online resource</subfield>
						<subfield code="b">cr</subfield>
						<subfield code="2">rdacarrier</subfield>
					</datafield>
					<datafield ind1=" " ind2=" " tag="504">
						<subfield code="a">Includes bibliographical references and index.</subfield>
					</datafield>
					<datafield ind1="0" ind2=" " tag="588">
						<subfield code="a">Description based on online resource; title from PDF title page (publisher's Web site, viewed 30. Apr 2019)</subfield>
					</datafield>
					<datafield ind1=" " ind2=" " tag="520">
						<subfield code="a">A large number of enciphered documents survived from early modern Hungary. This area was a particularly fertile territory where cryptographic methods proliferated, because a large portion of the population was living in the frontier zone, and participated (or was forced to participate) in the network of the information flow. A quantitative analysis of sixteenth-century to seventeenth-century Hungarian ciphers (300 cipher keys and 1,600 partly or entirely enciphered letters) reveals that besides the dominance of diplomatic use of cryptography, there were many examples of ŸprivateŒ applications too. This book reconstructs the main reasons and goals why historical actors chose to use ciphers in a diplomatic letter, a military order, a diary or a private letter, what they decided to encrypt, and how they perceived the dangers threatening their messages.</subfield>
					</datafield>
					<datafield ind1=" " ind2=" " tag="546">
						<subfield code="a">In English.</subfield>
					</datafield>
					<datafield ind1="0" ind2="0" tag="505">
						<subfield code="t">Frontmatter --</subfield>
						<subfield code="t">Table of contents --</subfield>
						<subfield code="t">Abbreviations --</subfield>
						<subfield code="t">Note on terminology --</subfield>
						<subfield code="t">Note on names --</subfield>
						<subfield code="t">1. Introduction --</subfield>
						<subfield code="t">2. Uncovered fields in the research literature --</subfield>
						<subfield code="t">3. Secret writings and attitudes - research questions --</subfield>
						<subfield code="t">4. Theory and practice of cryptography in early modern Europe --</subfield>
						<subfield code="t">5. Ciphers in Hungary: the source material --</subfield>
						<subfield code="t">6. Ciphers in action --</subfield>
						<subfield code="t">7. Ways of knowledge transfer --</subfield>
						<subfield code="t">8. Scenes of secrecy --</subfield>
						<subfield code="t">9. Summary --</subfield>
						<subfield code="t">10. Appendix --</subfield>
						<subfield code="t">Acknowledgements --</subfield>
						<subfield code="t">Earlier publications --</subfield>
						<subfield code="t">Bibliography --</subfield>
						<subfield code="t">Index</subfield>
					</datafield>
					<datafield ind1=" " ind2=" " tag="540">
						<subfield code="a">This eBook is made available Open Access under a CC BY-NC-ND 4.0 license:</subfield>
						<subfield code="u">https://creativecommons.org/licenses/by-nc-nd/4.0https://www.aup.nl/en/publish/open-access</subfield>
					</datafield>
					<datafield ind1=" " ind2="0" tag="650">
						<subfield code="a">Cryptography</subfield>
						<subfield code="z">Hungary</subfield>
						<subfield code="x">History.</subfield>
					</datafield>
					<datafield ind1=" " ind2="0" tag="655">
						<subfield code="a">Electronic books.</subfield>
					</datafield>
					<datafield ind1=" " ind2=" " tag="906">
						<subfield code="a">BOOK</subfield>
					</datafield>
					<datafield ind1=" " ind2=" " tag="AVE">
						<subfield code="8">5388395440005506</subfield>
						<subfield code="c">6188000480005506</subfield>
						<subfield code="e">Available</subfield>
						<subfield code="m">KU Open Research Library</subfield>
						<subfield code="t">Knowledge Unlatched</subfield>
						<subfield code="a">41SLSP_HSG</subfield>
						<subfield code="0">9911261005105506</subfield>
					</datafield>
				</record>
			</recordData>
			<recordIdentifier>9911261005105506</recordIdentifier>
			<recordPosition>53</recordPosition>
		</record>