
		<record>
			<recordSchema>marcxml</recordSchema>
			<recordPacking>xml</recordPacking>
			<recordData>
				<record xmlns="http://www.loc.gov/MARC21/slim">
					<leader>01419nam a2200349 i 4500</leader>
					<controlfield tag="001">9911341355705506</controlfield>
					<controlfield tag="005">20221106135545.0</controlfield>
					<controlfield tag="006">m     o  d |</controlfield>
					<controlfield tag="007">cr cnu||||||||</controlfield>
					<controlfield tag="008">221106s2022    ilu     o     000 0 eng d</controlfield>
					<datafield ind1=" " ind2=" " tag="020">
						<subfield code="a">0-226-62899-X</subfield>
					</datafield>
					<datafield ind1=" " ind2=" " tag="035">
						<subfield code="a">(CKB)4900000001454878</subfield>
					</datafield>
					<datafield ind1=" " ind2=" " tag="035">
						<subfield code="a">(MiAaPQ)EBC6939940</subfield>
					</datafield>
					<datafield ind1=" " ind2=" " tag="035">
						<subfield code="a">(Au-PeEL)EBL6939940</subfield>
					</datafield>
					<datafield ind1=" " ind2=" " tag="035">
						<subfield code="a">(OCoLC)1311315971</subfield>
					</datafield>
					<datafield ind1=" " ind2=" " tag="035">
						<subfield code="a">(DE-B1597)619215</subfield>
					</datafield>
					<datafield ind1=" " ind2=" " tag="035">
						<subfield code="a">(DE-B1597)9780226628998</subfield>
					</datafield>
					<datafield ind1=" " ind2=" " tag="035">
						<subfield code="a">(OCoLC)1322125111</subfield>
					</datafield>
					<datafield ind1=" " ind2=" " tag="035">
						<subfield code="a">(EXLCZ)994900000001454878</subfield>
					</datafield>
					<datafield ind1=" " ind2=" " tag="040">
						<subfield code="a">MiAaPQ</subfield>
						<subfield code="b">eng</subfield>
						<subfield code="e">rda</subfield>
						<subfield code="e">pn</subfield>
						<subfield code="c">MiAaPQ</subfield>
						<subfield code="d">MiAaPQ</subfield>
					</datafield>
					<datafield ind1=" " ind2=" " tag="043">
						<subfield code="a">e-ur---</subfield>
					</datafield>
					<datafield ind1=" " ind2=" " tag="044">
						<subfield code="a">ilu</subfield>
						<subfield code="c">US-IL</subfield>
					</datafield>
					<datafield ind1=" " ind2="4" tag="050">
						<subfield code="a">SH383.5.S625</subfield>
						<subfield code="b">.J66 2022</subfield>
					</datafield>
					<datafield ind1=" " ind2="7" tag="072">
						<subfield code="a">NAT000000</subfield>
						<subfield code="2">bisacsh</subfield>
					</datafield>
					<datafield ind1="0" ind2=" " tag="082">
						<subfield code="a">639.2/80947</subfield>
						<subfield code="2">23</subfield>
					</datafield>
					<datafield ind1="1" ind2=" " tag="100">
						<subfield code="a">Jones, Ryan Tucker,</subfield>
						<subfield code="e">author.</subfield>
					</datafield>
					<datafield ind1="1" ind2="0" tag="245">
						<subfield code="a">Red leviathan :</subfield>
						<subfield code="b">the secret history of Soviet whaling /</subfield>
						<subfield code="c">Ryan Tucker Jones.</subfield>
					</datafield>
					<datafield ind1=" " ind2="1" tag="264">
						<subfield code="a">Chicago, Ill :</subfield>
						<subfield code="b">University of Chicago Press,</subfield>
						<subfield code="c">[2022]</subfield>
					</datafield>
					<datafield ind1=" " ind2="4" tag="264">
						<subfield code="c">©2022</subfield>
					</datafield>
					<datafield ind1=" " ind2=" " tag="300">
						<subfield code="a">1 online resource (288 pages)</subfield>
					</datafield>
					<datafield ind1=" " ind2=" " tag="336">
						<subfield code="a">text</subfield>
						<subfield code="b">txt</subfield>
						<subfield code="2">rdacontent</subfield>
					</datafield>
					<datafield ind1=" " ind2=" " tag="337">
						<subfield code="a">computer</subfield>
						<subfield code="b">c</subfield>
						<subfield code="2">rdamedia</subfield>
					</datafield>
					<datafield ind1=" " ind2=" " tag="338">
						<subfield code="a">online resource</subfield>
						<subfield code="b">cr</subfield>
						<subfield code="2">rdacarrier</subfield>
					</datafield>
					<datafield ind1="0" ind2=" " tag="505">
						<subfield code="a">Intro -- Contents -- Preface -- 1. Russia's Whale Problem -- 2. The Whales of Distant Seas -- 3. A Revolution in Whaling -- 4. North Pacific Numbers -- 5. War and Glory in the Antarctic -- 6. Aleksei Solyanik and the End of Area V -- 7. The Kollektiv and the Long Ruble -- 8. The Cetacean Genocide -- 9. Scientists Locate Their Prey -- 10. Whales in the Home -- 11. A Whale Is Not a Fish: Back to the North Pacific -- 12. Greenpeace and the View from the Dal'nii Vostok -- Conclusion -- Acknowledgments -- Abbreviations -- Notes -- Index.</subfield>
					</datafield>
					<datafield ind1=" " ind2=" " tag="520">
						<subfield code="a">A revealing and authoritative history that shows how Soviet whalers secretly helped nearly destroy endangered whale populations, while also contributing to the scientific understanding necessary for these creatures’ salvation. The Soviet Union killed over six hundred thousand whales in the twentieth century, many of them illegally and secretly. That catch helped bring many whale species to near extinction by the 1970s, and the impacts of this loss of life still ripple through today’s oceans. In this new account, based on formerly secret Soviet archives and interviews with ex-whalers, environmental historian Ryan Tucker Jones offers a complete history of the role the Soviet Union played in the whales’ destruction. As other countries—especially the United States, Great Britain, Japan, and Norway—expanded their pursuit of whales to all corners of the globe, Stalin determined that the Soviet Union needed to join the hunt. What followed was a spectacularly prodigious, and often wasteful, destruction of humpback, fin, sei, right, and sperm whales in the Antarctic and the North Pacific, done in knowing violation of the International Whaling Commission’s rules. Cold War intrigue encouraged this destruction, but, as Jones shows, there is a more complex history behind this tragic Soviet experiment. Jones compellingly describes the ultimate scientific irony: today’s cetacean studies benefited from Soviet whaling, as Russian scientists on whaling vessels made key breakthroughs in understanding whale natural history and behavior. And in a final twist, Red Leviathan reveals how the Soviet public began turning against their own country’s whaling industry, working in parallel with Western environmental organizations like Greenpeace to help end industrial whaling—not long before the world’s whales might have disappeared altogether.</subfield>
					</datafield>
					<datafield ind1=" " ind2=" " tag="588">
						<subfield code="a">Description based on print version record.</subfield>
					</datafield>
					<datafield ind1=" " ind2="0" tag="650">
						<subfield code="a">Whaling</subfield>
						<subfield code="z">Soviet Union</subfield>
						<subfield code="x">History.</subfield>
					</datafield>
					<datafield ind1=" " ind2="0" tag="650">
						<subfield code="a">Environmentalism</subfield>
						<subfield code="z">Soviet Union</subfield>
						<subfield code="x">History.</subfield>
					</datafield>
					<datafield ind1=" " ind2=" " tag="653">
						<subfield code="a">history, historical context, historians, soviet union, soviets, russia, russian, whale, whaling, hunting whales, endangered species, 20th century, whalers, environmentalism, environmentalists, joseph stalin, hunt, sperm, humpback, fin, right, sei, natural behavior, industry, greenpeace, international relations, dalnii vostok, pacific ocean, antarctic, aleksei solyanik.</subfield>
					</datafield>
					<datafield ind1=" " ind2=" " tag="776">
						<subfield code="z">0-226-62885-X</subfield>
					</datafield>
					<datafield ind1=" " ind2=" " tag="906">
						<subfield code="a">BOOK</subfield>
					</datafield>
					<datafield ind1=" " ind2=" " tag="AVE">
						<subfield code="8">5388947820005506</subfield>
						<subfield code="c">6164319640005506</subfield>
						<subfield code="e">Available</subfield>
						<subfield code="m">Ebook Central Perpetual, DDA and Subscription Titles</subfield>
						<subfield code="t">Ebook Central</subfield>
						<subfield code="a">41SLSP_HSG</subfield>
						<subfield code="0">9911341355705506</subfield>
					</datafield>
				</record>
			</recordData>
			<recordIdentifier>9911341355705506</recordIdentifier>
			<recordPosition>54</recordPosition>
		</record>