
		<record>
			<recordSchema>marcxml</recordSchema>
			<recordPacking>xml</recordPacking>
			<recordData>
				<record xmlns="http://www.loc.gov/MARC21/slim">
					<leader>02388nam a2200577 c 4500</leader>
					<controlfield tag="001">999895760105506</controlfield>
					<controlfield tag="005">20230424205409.0</controlfield>
					<controlfield tag="007">tu</controlfield>
					<controlfield tag="008">201011s2018    sz ||||| |||| 00| f|ger|^</controlfield>
					<datafield ind1=" " ind2=" " tag="015">
						<subfield code="a">17,N47</subfield>
						<subfield code="2">dnb</subfield>
					</datafield>
					<datafield ind1="7" ind2=" " tag="016">
						<subfield code="a">1144207711</subfield>
						<subfield code="2">DE-101</subfield>
					</datafield>
					<datafield ind1=" " ind2=" " tag="019">
						<subfield code="a">Datenimport aus BIBDIA ZB Solothurn</subfield>
						<subfield code="5">IDSBB/09.01.2019/A150/bmt</subfield>
					</datafield>
					<datafield ind1=" " ind2=" " tag="020">
						<subfield code="a">325707025X</subfield>
					</datafield>
					<datafield ind1=" " ind2=" " tag="020">
						<subfield code="a">9783257070255</subfield>
						<subfield code="c">Gewebe : circa EUR 24.00 (DE), circa EUR 24.70 (AT), circa CHF 32.00 (freier Preis)</subfield>
					</datafield>
					<datafield ind1="3" ind2=" " tag="024">
						<subfield code="a">9783257070255</subfield>
					</datafield>
					<datafield ind1=" " ind2=" " tag="035">
						<subfield code="a">(swissbib)227359984-41slsp_network</subfield>
					</datafield>
					<datafield ind1=" " ind2=" " tag="035">
						<subfield code="a">227359984</subfield>
						<subfield code="9">ExL</subfield>
					</datafield>
					<datafield ind1=" " ind2=" " tag="035">
						<subfield code="a">(NEBIS)011168501EBI01</subfield>
					</datafield>
					<datafield ind1=" " ind2=" " tag="035">
						<subfield code="a">(IDSLU)001304987ILU01</subfield>
					</datafield>
					<datafield ind1=" " ind2=" " tag="035">
						<subfield code="a">(IDSSG)000989576HSB01</subfield>
					</datafield>
					<datafield ind1=" " ind2=" " tag="035">
						<subfield code="a">(IDSBB)007042978DSV01</subfield>
					</datafield>
					<datafield ind1=" " ind2=" " tag="035">
						<subfield code="a">(DE-599)DNB1144207711</subfield>
					</datafield>
					<datafield ind1=" " ind2=" " tag="035">
						<subfield code="a">(OCoLC)1013468834</subfield>
					</datafield>
					<datafield ind1=" " ind2=" " tag="035">
						<subfield code="a">(CH-ZuSLS)991078786009705501</subfield>
					</datafield>
					<datafield ind1=" " ind2=" " tag="035">
						<subfield code="a">(EXLNZ-41SLSP_NETWORK)991078786009705501</subfield>
					</datafield>
					<datafield ind1=" " ind2=" " tag="040">
						<subfield code="a">1145</subfield>
						<subfield code="b">ger</subfield>
						<subfield code="e">rda</subfield>
						<subfield code="d">CH-ZuSLS</subfield>
					</datafield>
					<datafield ind1="1" ind2=" " tag="041">
						<subfield code="a">ger</subfield>
						<subfield code="h">eng</subfield>
					</datafield>
					<datafield ind1=" " ind2=" " tag="044">
						<subfield code="c">XA-DE</subfield>
					</datafield>
					<datafield ind1=" " ind2="7" tag="072">
						<subfield code="a">592</subfield>
						<subfield code="2">IDS LU</subfield>
					</datafield>
					<datafield ind1="1" ind2="4" tag="082">
						<subfield code="a">820</subfield>
						<subfield code="2">15</subfield>
					</datafield>
					<datafield ind1=" " ind2=" " tag="084">
						<subfield code="a">HN 9990</subfield>
						<subfield code="2">rvk</subfield>
					</datafield>
					<datafield ind1=" " ind2=" " tag="084">
						<subfield code="a">B</subfield>
						<subfield code="2">sdnb</subfield>
					</datafield>
					<datafield ind1="1" ind2=" " tag="100">
						<subfield code="a">Walker, Martin</subfield>
						<subfield code="d">1947-</subfield>
						<subfield code="0">(DE-588)141173505</subfield>
						<subfield code="4">aut</subfield>
					</datafield>
					<datafield ind1="1" ind2="0" tag="240">
						<subfield code="a">&lt;&lt;The&gt;&gt; Templars' last secret</subfield>
					</datafield>
					<datafield ind1="1" ind2="0" tag="245">
						<subfield code="a">Revanche</subfield>
						<subfield code="b">der zehnte Fall für Bruno, Chef de police : Roman</subfield>
						<subfield code="c">Martin Walker ; aus dem Englischen von Michael Windgassen</subfield>
					</datafield>
					<datafield ind1=" " ind2=" " tag="250">
						<subfield code="a">[1. Auflage]</subfield>
					</datafield>
					<datafield ind1=" " ind2="1" tag="264">
						<subfield code="a">Zürich</subfield>
						<subfield code="b">Diogenes</subfield>
						<subfield code="c">[2018]</subfield>
					</datafield>
					<datafield ind1=" " ind2=" " tag="300">
						<subfield code="a">402 Seiten</subfield>
						<subfield code="e">1 Beilage (31 Seiten)</subfield>
						<subfield code="c">18.4 cm x 11.6 cm</subfield>
					</datafield>
					<datafield ind1=" " ind2=" " tag="336">
						<subfield code="b">txt</subfield>
						<subfield code="2">rdacontent</subfield>
					</datafield>
					<datafield ind1=" " ind2=" " tag="337">
						<subfield code="b">n</subfield>
						<subfield code="2">rdamedia</subfield>
					</datafield>
					<datafield ind1=" " ind2=" " tag="338">
						<subfield code="b">nc</subfield>
						<subfield code="2">rdacarrier</subfield>
					</datafield>
					<datafield ind1=" " ind2=" " tag="500">
						<subfield code="a">Booklet u.d.T.: Ein kleiner Périgord-Reiseführer von Martin Walker</subfield>
					</datafield>
					<datafield ind1=" " ind2=" " tag="500">
						<subfield code="a">Originaltitel: The Templars' last secret</subfield>
					</datafield>
					<datafield ind1=" " ind2="7" tag="655">
						<subfield code="a">Krimis, Thriller, Spionage</subfield>
						<subfield code="2">gatbeg</subfield>
					</datafield>
					<datafield ind1="1" ind2=" " tag="700">
						<subfield code="a">Windgassen, Michael</subfield>
						<subfield code="d">1953-</subfield>
						<subfield code="0">(DE-588)11146952X</subfield>
						<subfield code="4">trl</subfield>
					</datafield>
					<datafield ind1="4" ind2=" " tag="856">
						<subfield code="3">Titelblatt und Inhaltsverzeichnis</subfield>
						<subfield code="u">https://toc.library.ethz.ch/objects/pdf03/z01_978-3-257-07025-5_01.pdf</subfield>
						<subfield code="q">pdf</subfield>
					</datafield>
					<datafield ind1="4" ind2="2" tag="856">
						<subfield code="q">text/html</subfield>
						<subfield code="u">http://deposit.dnb.de/cgi-bin/dokserv?id=e3dc930e311a457bb389fa4d531ed142&amp;prov=M&amp;dok_var=1&amp;dok_ext=htm</subfield>
						<subfield code="z">Inhaltstext</subfield>
					</datafield>
					<datafield ind1=" " ind2=" " tag="900">
						<subfield code="a">IDSZ2mugmon201807l</subfield>
						<subfield code="c">IDSZ2lind</subfield>
					</datafield>
					<datafield ind1=" " ind2=" " tag="900">
						<subfield code="a">IDSZ2zbzmon201804p</subfield>
						<subfield code="c">IDSZ2stih</subfield>
						<subfield code="d">IDSZ2zbzswk201804k</subfield>
						<subfield code="e">IDSZ2trun</subfield>
					</datafield>
					<datafield ind1=" " ind2=" " tag="900">
						<subfield code="a">IDSZ1ZH</subfield>
					</datafield>
					<datafield ind1=" " ind2=" " tag="949">
						<subfield code="a">https://toc.library.ethz.ch/objects/pdf03/z01_978-3-257-07025-5_01.pdf</subfield>
					</datafield>
					<datafield ind1=" " ind2=" " tag="949">
						<subfield code="a">http://deposit.dnb.de/cgi-bin/dokserv?id=e3dc930e311a457bb389fa4d531ed142&amp;prov=M&amp;dok_var=1&amp;dok_ext=htm</subfield>
					</datafield>
					<datafield ind1=" " ind2=" " tag="965">
						<subfield code="a">Bestseller 2018 (Deutsch)</subfield>
						<subfield code="9">local</subfield>
					</datafield>
					<datafield ind1=" " ind2=" " tag="AVA">
						<subfield code="0">999895760105506</subfield>
						<subfield code="8">2250059950005506</subfield>
						<subfield code="a">41SLSP_HSG</subfield>
						<subfield code="b">HSG</subfield>
						<subfield code="c">Basement</subfield>
						<subfield code="d">HN 9990 W182 T2</subfield>
						<subfield code="e">available</subfield>
						<subfield code="f">1</subfield>
						<subfield code="g">0</subfield>
						<subfield code="j">UG</subfield>
						<subfield code="k">4</subfield>
						<subfield code="p">1</subfield>
						<subfield code="q">HSG</subfield>
					</datafield>
				</record>
			</recordData>
			<recordIdentifier>999895760105506</recordIdentifier>
			<recordPosition>55</recordPosition>
		</record>