
		<record>
			<recordSchema>marcxml</recordSchema>
			<recordPacking>xml</recordPacking>
			<recordData>
				<record xmlns="http://www.loc.gov/MARC21/slim">
					<leader>05020nam a2200637 c 4500</leader>
					<controlfield tag="001">9910539920105506</controlfield>
					<controlfield tag="005">20230416093127.0</controlfield>
					<controlfield tag="008">201011s2018    xxua     b    001 0 eng d</controlfield>
					<datafield ind1=" " ind2=" " tag="020">
						<subfield code="a">9781400069712</subfield>
					</datafield>
					<datafield ind1=" " ind2=" " tag="020">
						<subfield code="a">1400069718</subfield>
					</datafield>
					<datafield ind1=" " ind2=" " tag="035">
						<subfield code="a">(swissbib)228069181-41slsp_network</subfield>
					</datafield>
					<datafield ind1=" " ind2=" " tag="035">
						<subfield code="a">228069181</subfield>
						<subfield code="9">ExL</subfield>
					</datafield>
					<datafield ind1=" " ind2=" " tag="035">
						<subfield code="a">(IDSSG)001053992HSB01</subfield>
					</datafield>
					<datafield ind1=" " ind2=" " tag="035">
						<subfield code="a">(IDSBB)006768786DSV01</subfield>
					</datafield>
					<datafield ind1=" " ind2=" " tag="035">
						<subfield code="a">(NEBIS)011408056EBI01</subfield>
					</datafield>
					<datafield ind1=" " ind2=" " tag="035">
						<subfield code="a">(OCoLC)1019731689</subfield>
					</datafield>
					<datafield ind1=" " ind2=" " tag="035">
						<subfield code="a">(EXLNZ-41SLSP_NETWORK)991157377069705501</subfield>
					</datafield>
					<datafield ind1=" " ind2=" " tag="040">
						<subfield code="a">PNX</subfield>
						<subfield code="b">ger</subfield>
						<subfield code="e">rda</subfield>
						<subfield code="d">CH-ZuSLS</subfield>
					</datafield>
					<datafield ind1="0" ind2=" " tag="041">
						<subfield code="a">eng</subfield>
						<subfield code="h">heb</subfield>
					</datafield>
					<datafield ind1="1" ind2="4" tag="050">
						<subfield code="a">HV6295.I75</subfield>
						<subfield code="b">B47 2018</subfield>
					</datafield>
					<datafield ind1="0" ind2="4" tag="082">
						<subfield code="a">320.95694</subfield>
						<subfield code="2">23</subfield>
					</datafield>
					<datafield ind1="1" ind2="4" tag="082">
						<subfield code="a">320</subfield>
						<subfield code="2">15</subfield>
					</datafield>
					<datafield ind1=" " ind2=" " tag="084">
						<subfield code="a">MH 84950</subfield>
						<subfield code="2">rvk</subfield>
					</datafield>
					<datafield ind1="1" ind2=" " tag="100">
						<subfield code="a">Bergman, Ronen</subfield>
						<subfield code="d">1972-</subfield>
						<subfield code="0">(DE-588)13973371X</subfield>
						<subfield code="4">aut</subfield>
					</datafield>
					<datafield ind1="1" ind2="0" tag="245">
						<subfield code="a">Rise and kill first</subfield>
						<subfield code="b">the secret history of Israel's targeted assassinations</subfield>
						<subfield code="c">Ronen Bergman ; translated by Ronnie Hope</subfield>
					</datafield>
					<datafield ind1=" " ind2=" " tag="250">
						<subfield code="a">First edition</subfield>
					</datafield>
					<datafield ind1=" " ind2="1" tag="264">
						<subfield code="a">New York</subfield>
						<subfield code="b">Random House</subfield>
						<subfield code="c">[2018]</subfield>
					</datafield>
					<datafield ind1=" " ind2=" " tag="300">
						<subfield code="a">XV, 753 Seiten</subfield>
						<subfield code="b">Illustrationen</subfield>
					</datafield>
					<datafield ind1=" " ind2=" " tag="336">
						<subfield code="b">txt</subfield>
						<subfield code="2">rdacontent</subfield>
					</datafield>
					<datafield ind1=" " ind2=" " tag="337">
						<subfield code="b">n</subfield>
						<subfield code="2">rdamedia</subfield>
					</datafield>
					<datafield ind1=" " ind2=" " tag="338">
						<subfield code="b">nc</subfield>
						<subfield code="2">rdacarrier</subfield>
					</datafield>
					<datafield ind1=" " ind2=" " tag="504">
						<subfield code="a">Includes bibliographical references (pages 637-725) and index</subfield>
					</datafield>
					<datafield ind1=" " ind2=" " tag="520">
						<subfield code="a">Presents an assessment of Israel's state-sponsored assassination programs that evaluates the protective beliefs that are instituted into every Israeli citizen, the role of assassination in the state's history, and the ethical challenges of Israel's policies on targeted killings.</subfield>
					</datafield>
					<datafield ind1=" " ind2=" " tag="520">
						<subfield code="a">"The first definitive history of the Mossad, Shin Bet, and the IDF's targeted killing programs, from the man hailed by David Remnick as "arguably [Israel's] best investigative reporter." The Talmud says: "If someone comes to kill you, rise up and kill him first." This instinct to take every measure, even the most aggressive, to defend the Jewish people is hardwired into Israel's DNA. From the very beginning of its statehood in 1948, protecting the nation from harm has been the responsibility of its intelligence community and armed services, and there is one weapon in their vast arsenal that they have relied upon to thwart the most serious threats: Targeted assassinations have been used countless times, on enemies large and small, sometimes in response to attacks against the Israeli people and sometimes preemptively.</subfield>
					</datafield>
					<datafield ind1=" " ind2=" " tag="520">
						<subfield code="a">In this page-turning, eye-opening book, journalist and military analyst Ronen Bergman offers a riveting inside account of the targeted killing programs--their successes, their failures, and the moral and political price exacted on the men and women who approved and carried out the missions. Bergman has gained the exceedingly rare cooperation of many current and former members of the Israeli government, including Prime Ministers Shimon Peres, Ehud Barak, Ariel Sharon, and Benjamin Netanyahu, as well as high-level figures in the country's military and intelligence services: the IDF (Israel Defense Forces), the Mossad (the world's most feared intelligence agency), Caesarea (a "Mossad within the Mossad" that carries out attacks on the highest-value targets), and the Shin Bet (an internal security service that implemented the largest targeted assassination campaign ever, in order to stop what had once appeared to be unstoppable: suicide terrorism).</subfield>
					</datafield>
					<datafield ind1="1" ind2="0" tag="610">
						<subfield code="a">Israel</subfield>
						<subfield code="b">Mosad le-modiʻin ṿe-tafḳidim meyuḥadim</subfield>
					</datafield>
					<datafield ind1="1" ind2="0" tag="610">
						<subfield code="a">Israel</subfield>
						<subfield code="b">Sherut ha-biṭaḥon ha-kelali</subfield>
					</datafield>
					<datafield ind1="1" ind2="0" tag="610">
						<subfield code="a">Israel</subfield>
						<subfield code="b">Tseva haganah le-Yiśraʼel</subfield>
					</datafield>
					<datafield ind1="1" ind2="7" tag="610">
						<subfield code="a">Israel</subfield>
						<subfield code="b">Mossad</subfield>
						<subfield code="0">(DE-588)4040350-6</subfield>
						<subfield code="2">gnd</subfield>
					</datafield>
					<datafield ind1=" " ind2="7" tag="648">
						<subfield code="a">Geschichte</subfield>
						<subfield code="2">gnd</subfield>
					</datafield>
					<datafield ind1=" " ind2="7" tag="650">
						<subfield code="a">Geheimdienst</subfield>
						<subfield code="0">(DE-588)4019737-2</subfield>
						<subfield code="2">gnd</subfield>
					</datafield>
					<datafield ind1=" " ind2="7" tag="650">
						<subfield code="a">Gezielte Tötung</subfield>
						<subfield code="0">(DE-588)1153834367</subfield>
						<subfield code="2">gnd</subfield>
					</datafield>
					<datafield ind1=" " ind2="0" tag="650">
						<subfield code="a">Targeted killing</subfield>
						<subfield code="z">Israel</subfield>
						<subfield code="x">History</subfield>
					</datafield>
					<datafield ind1=" " ind2="0" tag="650">
						<subfield code="a">Assassination</subfield>
					</datafield>
					<datafield ind1=" " ind2="7" tag="650">
						<subfield code="a">Attentat</subfield>
						<subfield code="0">(DE-588)4003451-3</subfield>
						<subfield code="2">gnd</subfield>
					</datafield>
					<datafield ind1=" " ind2="7" tag="651">
						<subfield code="a">Israel</subfield>
						<subfield code="0">(DE-588)4027808-6</subfield>
						<subfield code="2">gnd</subfield>
					</datafield>
					<datafield ind1=" " ind2="0" tag="651">
						<subfield code="a">Israel</subfield>
						<subfield code="x">Politics and government</subfield>
					</datafield>
					<datafield ind1=" " ind2=" " tag="690">
						<subfield code="a">Kopf; Alter; Fehler; Macht; Coup; Einheit; Feuer; Funke; Kampf; Kompetenz; Mundpflegemittel; Rache; Sturm; Tod; Treffen; Töten; Volkspolizei; Befehl; Betrieb; Biene; Front; Himmel; Hund; Mord; Quelle; Vertrag; Welt; politische Unruhen; Büro; Kunst; Anemone; Ausfall; Blut; Flagge; Gott; Haus; Index; Selbstmord; Wild; Geschichte</subfield>
						<subfield code="2">idssg-J</subfield>
					</datafield>
					<datafield ind1=" " ind2=" " tag="690">
						<subfield code="a">Zielkunst; Selbstmordattentäter</subfield>
						<subfield code="2">idssg-J</subfield>
					</datafield>
					<datafield ind1=" " ind2=" " tag="690">
						<subfield code="a">beeindruckender Erfolg; gesamter Befehl; bewaffneter Kampf; explosiver Westen; falsche Identifikation; geheime Geschichte; geheime Welt; gezielte Ermordung; grüner Sturm; hoher Befehl; naives As; niedriger Punkt; radikale Front; schwarze Flagge; strategischer Ausfall; taktischer Erfolg; zufälliges Haus</subfield>
						<subfield code="2">idssg-J</subfield>
					</datafield>
					<datafield ind1=" " ind2=" " tag="690">
						<subfield code="a">Israel C7ISRA; Palästina; Vereinigte Staaten C1USA; Welt C00WOR; DDR C4EUGE</subfield>
						<subfield code="2">idssg-J</subfield>
					</datafield>
					<datafield ind1=" " ind2=" " tag="690">
						<subfield code="a">Kumpel NEW YORK; TWJI jffi jjilirjii Hr</subfield>
						<subfield code="2">idssg-J</subfield>
					</datafield>
					<datafield ind1="1" ind2=" " tag="700">
						<subfield code="a">Hope, Ronnie</subfield>
						<subfield code="4">trl</subfield>
					</datafield>
					<datafield ind1="4" ind2=" " tag="856">
						<subfield code="u">https://unisg.link/hm00667707</subfield>
						<subfield code="z">Inhaltsverzeichnis</subfield>
					</datafield>
					<datafield ind1=" " ind2=" " tag="900">
						<subfield code="a">Stoppsignal FRED</subfield>
						<subfield code="x">08.03.2018</subfield>
					</datafield>
					<datafield ind1=" " ind2=" " tag="900">
						<subfield code="a">IDSZ2mugmon201905p</subfield>
						<subfield code="c">IDSZ2morg</subfield>
					</datafield>
					<datafield ind1=" " ind2=" " tag="949">
						<subfield code="a">https://unisg.link/hm00667707</subfield>
					</datafield>
					<datafield ind1=" " ind2=" " tag="990">
						<subfield code="a">CH00100A6CD206A5B6187C125843A0039B985</subfield>
						<subfield code="b">iCapture</subfield>
						<subfield code="9">local</subfield>
					</datafield>
					<datafield ind1=" " ind2=" " tag="AVA">
						<subfield code="0">9910539920105506</subfield>
						<subfield code="8">2239391850005506</subfield>
						<subfield code="a">41SLSP_HSG</subfield>
						<subfield code="b">HSG</subfield>
						<subfield code="c">Basement</subfield>
						<subfield code="d">MH 84950 B449</subfield>
						<subfield code="e">available</subfield>
						<subfield code="f">1</subfield>
						<subfield code="g">0</subfield>
						<subfield code="j">UG</subfield>
						<subfield code="k">4</subfield>
						<subfield code="p">1</subfield>
						<subfield code="q">HSG</subfield>
					</datafield>
				</record>
			</recordData>
			<recordIdentifier>9910539920105506</recordIdentifier>
			<recordPosition>56</recordPosition>
		</record>