
		<record>
			<recordSchema>marcxml</recordSchema>
			<recordPacking>xml</recordPacking>
			<recordData>
				<record xmlns="http://www.loc.gov/MARC21/slim">
					<leader>02986nam a2200433 c 4500</leader>
					<controlfield tag="001">9910865580105506</controlfield>
					<controlfield tag="005">20230413225648.0</controlfield>
					<controlfield tag="008">191023t20202020xxko          001 0 eng d</controlfield>
					<datafield ind1=" " ind2=" " tag="020">
						<subfield code="a">9780753553329</subfield>
						<subfield code="q">Hardback</subfield>
					</datafield>
					<datafield ind1=" " ind2=" " tag="020">
						<subfield code="a">0753553325</subfield>
						<subfield code="q">Hardback</subfield>
					</datafield>
					<datafield ind1=" " ind2=" " tag="020">
						<subfield code="z">9780753553336</subfield>
						<subfield code="q">Trade Paperback</subfield>
					</datafield>
					<datafield ind1=" " ind2=" " tag="020">
						<subfield code="z">9780753553343</subfield>
						<subfield code="q">E-Book</subfield>
					</datafield>
					<datafield ind1=" " ind2=" " tag="020">
						<subfield code="z">9781473569416</subfield>
						<subfield code="q">Hörbuch Audio- oder Videodatei zum Download</subfield>
					</datafield>
					<datafield ind1=" " ind2=" " tag="035">
						<subfield code="a">(swissbib)005516714-41slsp_network</subfield>
					</datafield>
					<datafield ind1=" " ind2=" " tag="035">
						<subfield code="a">005516714</subfield>
						<subfield code="9">ExL</subfield>
					</datafield>
					<datafield ind1=" " ind2=" " tag="035">
						<subfield code="a">(IDSSG)001086558HSB01</subfield>
					</datafield>
					<datafield ind1=" " ind2=" " tag="035">
						<subfield code="a">(OCoLC)1140139371</subfield>
					</datafield>
					<datafield ind1=" " ind2=" " tag="035">
						<subfield code="a">(EXLNZ-41SLSP_NETWORK)991083099289705501</subfield>
					</datafield>
					<datafield ind1=" " ind2=" " tag="040">
						<subfield code="a">SzZuIDS HSG</subfield>
						<subfield code="b">fre</subfield>
						<subfield code="e">rda</subfield>
						<subfield code="d">CH-ZuSLS</subfield>
					</datafield>
					<datafield ind1="1" ind2=" " tag="100">
						<subfield code="a">Rodchenkov, Grigory</subfield>
						<subfield code="4">aut</subfield>
					</datafield>
					<datafield ind1="1" ind2="0" tag="245">
						<subfield code="a">&lt;&lt;The&gt;&gt; Rodchenkov Affair</subfield>
						<subfield code="b">how I brought down Putin's secret doping empire</subfield>
						<subfield code="c">Dr Grigory Rodchenkov</subfield>
					</datafield>
					<datafield ind1=" " ind2="1" tag="264">
						<subfield code="a">London</subfield>
						<subfield code="b">WH Allen</subfield>
						<subfield code="c">[2020]</subfield>
					</datafield>
					<datafield ind1=" " ind2="4" tag="264">
						<subfield code="c">© 2020</subfield>
					</datafield>
					<datafield ind1=" " ind2=" " tag="300">
						<subfield code="a">XXIII, 296 Seiten</subfield>
					</datafield>
					<datafield ind1=" " ind2=" " tag="336">
						<subfield code="b">txt</subfield>
						<subfield code="2">rdacontent</subfield>
					</datafield>
					<datafield ind1=" " ind2=" " tag="337">
						<subfield code="b">n</subfield>
						<subfield code="2">rdamedia</subfield>
					</datafield>
					<datafield ind1=" " ind2=" " tag="338">
						<subfield code="b">nc</subfield>
						<subfield code="2">rdacarrier</subfield>
					</datafield>
					<datafield ind1=" " ind2=" " tag="520">
						<subfield code="a">Can one man take down an empire? The Protocol is a breathtaking real-life political thriller. As a leading chemical scientist and Director of the Moscow Anti-Doping Laboratory, Dr Grigory Rodchenkov was at the forefront of global efforts to detect drugs cheats in sport. Yet he was simultaneously running the most elaborate doping scheme in history, helping thousands of athletes and elite players evade detection. Then the cracks started to show, and Vladimir Putin sent him a chilling message . . . Icarus, the Oscar-winning Netflix film, followed Grigory Rodchenkov as he turned whistleblower, fled Russia and entered the US Witness Protection Programme. In this explosive memoir he reveals how everything he has exposed so far - leading to Russia's double Olympic bans - is merely the tip of the iceberg. Drawn from diaries, official e-mails and memos smuggled out of Russia, The Protocol is the full story by the one man the Kremlin hoped would never talk about its quest to win at all costs</subfield>
					</datafield>
					<datafield ind1=" " ind2="7" tag="650">
						<subfield code="a">Doping</subfield>
						<subfield code="0">(DE-588)4126002-8</subfield>
						<subfield code="2">gnd</subfield>
					</datafield>
					<datafield ind1=" " ind2="7" tag="650">
						<subfield code="a">Korruption</subfield>
						<subfield code="0">(DE-588)4032524-6</subfield>
						<subfield code="2">gnd</subfield>
					</datafield>
					<datafield ind1=" " ind2="7" tag="650">
						<subfield code="a">Internationales Sportrecht</subfield>
						<subfield code="0">(DE-588)4195441-5</subfield>
						<subfield code="2">gnd</subfield>
					</datafield>
					<datafield ind1=" " ind2="7" tag="650">
						<subfield code="a">Olympische Spiele, 2014, Sotschi</subfield>
						<subfield code="g">Motiv</subfield>
						<subfield code="0">(DE-588)1051529727</subfield>
						<subfield code="2">gnd</subfield>
					</datafield>
					<datafield ind1=" " ind2="7" tag="651">
						<subfield code="a">Russland</subfield>
						<subfield code="0">(DE-588)4076899-5</subfield>
						<subfield code="2">gnd</subfield>
					</datafield>
					<datafield ind1=" " ind2=" " tag="690">
						<subfield code="a">Affäre; Großmacht; Sturm; Exil; Glasnost; Krieg; Spiel; Treffen; Erdbeben; Coup; Handel; Ausbildung; Bombe; Medikamentenmissbrauch; Operation; Rohr; Schutz; Betrieb; Los Angeles; Ärzte; Deutsche Reichsbahn; Geheimpolizei; Meister; Wahrheit; Zeitalter; Wertpapieremission</subfield>
						<subfield code="2">idssg-J</subfield>
					</datafield>
					<datafield ind1=" " ind2=" " tag="690">
						<subfield code="a">Dopingimperium; Zweifrontenkrieg; Hexendoktor</subfield>
						<subfield code="2">idssg-J</subfield>
					</datafield>
					<datafield ind1=" " ind2=" " tag="690">
						<subfield code="a">feindliche Linie; geheimes Dopingimperium; ruhiger Coup</subfield>
						<subfield code="2">idssg-J</subfield>
					</datafield>
					<datafield ind1=" " ind2=" " tag="690">
						<subfield code="a">Russland C4EXRU; Vereinigte Staaten C1USA</subfield>
						<subfield code="2">idssg-J</subfield>
					</datafield>
					<datafield ind1=" " ind2=" " tag="690">
						<subfield code="a">Betrieb Sotschi Ergebnis; GRIGORY RODCHENKOV; leser vii; Operation Sotschi Ergebnis; Putin</subfield>
						<subfield code="2">idssg-J</subfield>
					</datafield>
					<datafield ind1="4" ind2=" " tag="856">
						<subfield code="u">https://unisg.link/hm00683811</subfield>
						<subfield code="z">Inhaltsverzeichnis</subfield>
					</datafield>
					<datafield ind1=" " ind2=" " tag="949">
						<subfield code="a">https://unisg.link/hm00683811</subfield>
					</datafield>
					<datafield ind1=" " ind2=" " tag="990">
						<subfield code="a">CH001F808C8AB6E064575C12585E700247DE9</subfield>
						<subfield code="b">iCapture</subfield>
						<subfield code="9">local</subfield>
					</datafield>
					<datafield ind1=" " ind2=" " tag="AVA">
						<subfield code="0">9910865580105506</subfield>
						<subfield code="8">2245148480005506</subfield>
						<subfield code="a">41SLSP_HSG</subfield>
						<subfield code="b">HSG</subfield>
						<subfield code="c">Basement</subfield>
						<subfield code="d">ZX 9420 R685</subfield>
						<subfield code="e">available</subfield>
						<subfield code="f">1</subfield>
						<subfield code="g">0</subfield>
						<subfield code="j">UG</subfield>
						<subfield code="k">4</subfield>
						<subfield code="p">1</subfield>
						<subfield code="q">HSG</subfield>
					</datafield>
				</record>
			</recordData>
			<recordIdentifier>9910865580105506</recordIdentifier>
			<recordPosition>57</recordPosition>
		</record>