
		<record>
			<recordSchema>marcxml</recordSchema>
			<recordPacking>xml</recordPacking>
			<recordData>
				<record xmlns="http://www.loc.gov/MARC21/slim">
					<leader>05094cam a2200301Ii 4500</leader>
					<controlfield tag="001">9911350092205506</controlfield>
					<controlfield tag="005">20210922113138.0</controlfield>
					<controlfield tag="006">m     o  d |</controlfield>
					<controlfield tag="007">cr#cnu||||||||</controlfield>
					<controlfield tag="008">180706s2018    enk     ob    001 0 eng d</controlfield>
					<datafield ind1=" " ind2=" " tag="020">
						<subfield code="a">1-315-29929-1</subfield>
					</datafield>
					<datafield ind1=" " ind2=" " tag="020">
						<subfield code="a">1-315-29931-3</subfield>
					</datafield>
					<datafield ind1=" " ind2=" " tag="020">
						<subfield code="a">1-315-29930-5</subfield>
					</datafield>
					<datafield ind1="7" ind2=" " tag="024">
						<subfield code="a">10.4324/9781315299310</subfield>
						<subfield code="2">doi</subfield>
					</datafield>
					<datafield ind1=" " ind2=" " tag="035">
						<subfield code="a">(CKB)4100000004820421</subfield>
					</datafield>
					<datafield ind1=" " ind2=" " tag="035">
						<subfield code="a">(MiAaPQ)EBC5394870</subfield>
					</datafield>
					<datafield ind1=" " ind2=" " tag="035">
						<subfield code="a">(OCoLC)1031316871</subfield>
					</datafield>
					<datafield ind1=" " ind2=" " tag="035">
						<subfield code="a">(PPN)242333044</subfield>
					</datafield>
					<datafield ind1=" " ind2=" " tag="035">
						<subfield code="a">(EXLCZ)994100000004820421</subfield>
					</datafield>
					<datafield ind1=" " ind2=" " tag="040">
						<subfield code="a">FlBoTFG</subfield>
						<subfield code="c">FlBoTFG</subfield>
						<subfield code="e">rda</subfield>
					</datafield>
					<datafield ind1=" " ind2="4" tag="050">
						<subfield code="a">ML3470</subfield>
						<subfield code="b">.R688 2018</subfield>
					</datafield>
					<datafield ind1="0" ind2=" " tag="082">
						<subfield code="a">781.6409</subfield>
						<subfield code="2">23</subfield>
					</datafield>
					<datafield ind1="0" ind2="4" tag="245">
						<subfield code="a">The Routledge companion to popular music history and heritage /</subfield>
						<subfield code="c">edited by Sarah Baker, Catherine Strong, Lauren Istvandity and Zelmarie Cantillon.</subfield>
					</datafield>
					<datafield ind1="3" ind2="0" tag="246">
						<subfield code="a">Companion to popular music hhistory and heritage</subfield>
					</datafield>
					<datafield ind1=" " ind2="1" tag="264">
						<subfield code="a">Abingdon, Oxon ;</subfield>
						<subfield code="a">New York, NY :</subfield>
						<subfield code="b">Routledge,</subfield>
						<subfield code="c">2018.</subfield>
					</datafield>
					<datafield ind1=" " ind2=" " tag="300">
						<subfield code="a">1 online resource (433 pages)</subfield>
					</datafield>
					<datafield ind1=" " ind2=" " tag="336">
						<subfield code="a">text</subfield>
						<subfield code="b">txt</subfield>
						<subfield code="2">rdacontent</subfield>
					</datafield>
					<datafield ind1=" " ind2=" " tag="337">
						<subfield code="a">computer</subfield>
						<subfield code="b">c</subfield>
						<subfield code="2">rdamedia</subfield>
					</datafield>
					<datafield ind1=" " ind2=" " tag="338">
						<subfield code="a">online resource</subfield>
						<subfield code="b">cr</subfield>
						<subfield code="2">rdacarrier</subfield>
					</datafield>
					<datafield ind1=" " ind2=" " tag="504">
						<subfield code="a">Includes bibliographical references and index.</subfield>
					</datafield>
					<datafield ind1=" " ind2=" " tag="588">
						<subfield code="a">Description based on print version record.</subfield>
					</datafield>
					<datafield ind1="0" ind2="0" tag="505">
						<subfield code="t">part, 1 History and historiography --</subfield>
						<subfield code="t">chapter 1 Framing the field of popular music history and heritage studies /</subfield>
						<subfield code="r">Zelmarie Cantillon Catherine Strong Lauren Istvandity Sarah Baker --</subfield>
						<subfield code="t">chapter 2 Problematising popular music history in the context of heritage and memory /</subfield>
						<subfield code="r">Bruce Johnson --</subfield>
						<subfield code="t">chapter 3 Gendered narratives of popular music history and heritage /</subfield>
						<subfield code="r">Rosa Reitsamer --</subfield>
						<subfield code="t">chapter 4 Racialising music’s past and the media archive /</subfield>
						<subfield code="r">Nabeel Zuberi --</subfield>
						<subfield code="t">chapter 5 Sounding out popular music history --</subfield>
						<subfield code="t">A musicological approach /</subfield>
						<subfield code="r">Richard Elliott --</subfield>
						<subfield code="t">chapter 6 Reconstructing the past --</subfield>
						<subfield code="t">Popular music and historiography /</subfield>
						<subfield code="r">Steve Waksman --</subfield>
						<subfield code="t">chapter 7 Cultural consecration and the creation of canons /</subfield>
						<subfield code="r">Vaughn Schmutz --</subfield>
						<subfield code="t">chapter 8 What we did was secret --</subfield>
						<subfield code="t">(One version of) the writing of popular music’s histories /</subfield>
						<subfield code="r">Jon Dale --</subfield>
						<subfield code="t">chapter 9 Music magazines and the first draft of history /</subfield>
						<subfield code="r">Dave Laing Catherine Strong --</subfield>
						<subfield code="t">chapter 10 Screening popular music’s past --</subfield>
						<subfield code="t">Music documentary and biopics /</subfield>
						<subfield code="r">Tim Wall Nicolas Pillai --</subfield>
						<subfield code="t">chapter 11 Historiography and the role of the archive /</subfield>
						<subfield code="r">Antti-Ville Kärjä --</subfield>
						<subfield code="t">part, 2 Heritage --</subfield>
						<subfield code="t">chapter 12 What is popular music cultural heritage? /</subfield>
						<subfield code="r">Paul Long --</subfield>
						<subfield code="t">chapter 13 The politics of popular music heritage /</subfield>
						<subfield code="r">Henry Johnson --</subfield>
						<subfield code="t">chapter 14 Local and global intersections of popular music history and heritage /</subfield>
						<subfield code="r">Robert Knifton --</subfield>
						<subfield code="t">chapter 15 Popular music heritage and tourism /</subfield>
						<subfield code="r">Brett D. Lashua --</subfield>
						<subfield code="t">chapter 16 DIY preservationism and recorded music – saving lost sounds /</subfield>
						<subfield code="r">Andy Bennett --</subfield>
						<subfield code="t">chapter 17 ‘Knowledge of Beatles songs and McCartney parts essential’ 1 --</subfield>
						<subfield code="t">Tribute acts, the music industries and the value of heritage /</subfield>
						<subfield code="r">Shane Homan --</subfield>
						<subfield code="t">chapter 18 Burning punk and bulldozing clubs --</subfield>
						<subfield code="t">The role of destruction and loss in popular music heritage /</subfield>
						<subfield code="r">Catherine Strong --</subfield>
						<subfield code="t">part, 3 Memory --</subfield>
						<subfield code="t">chapter 19 Popular music and the memory spectrum /</subfield>
						<subfield code="r">Michael Pickering --</subfield>
						<subfield code="t">chapter 20 Popular music and autobiographical memory --</subfield>
						<subfield code="t">Intimate connections over the life course /</subfield>
						<subfield code="r">Lauren Istvandity --</subfield>
						<subfield code="t">chapter 21 Popular music in mediated and collective memory /</subfield>
						<subfield code="r">Ben Green --</subfield>
						<subfield code="t">chapter 22 ‘Do you remember rock ‘n’ roll radio?’ 1 How audiences talk about music-related personal memories, preferences and localities /</subfield>
						<subfield code="r">Amanda Brandellero Marc Verboord Susanne Janssen --</subfield>
						<subfield code="t">chapter 23 Popular music and commemorative ritual --</subfield>
						<subfield code="t">A material approach /</subfield>
						<subfield code="r">Irene Stengs --</subfield>
						<subfield code="t">chapter 24 Songs that resonate --</subfield>
						<subfield code="t">The uses of popular music nostalgia /</subfield>
						<subfield code="r">Arno van der Hoeven --</subfield>
						<subfield code="t">chapter 25 Citizen archiving and virtual sites of musical memory in online communities /</subfield>
						<subfield code="r">Jez Collins --</subfield>
						<subfield code="t">part, 4 Institutions --</subfield>
						<subfield code="t">chapter 26 Representing popular music histories and heritage in museums /</subfield>
						<subfield code="r">Marion Leonard --</subfield>
						<subfield code="t">chapter 27 Sound archives, ethnography and sonic heritage /</subfield>
						<subfield code="r">Noel Lobley --</subfield>
						<subfield code="t">chapter 28 Popular music halls of fame as institutions of cultural heritage /</subfield>
						<subfield code="r">Raphaël Nowak Sarah Baker --</subfield>
						<subfield code="t">chapter 29 DIY institutions and amateur heritage making /</subfield>
						<subfield code="r">D-M Withers --</subfield>
						<subfield code="t">chapter 30 Reissue programmes --</subfield>
						<subfield code="t">Framing the past as project /</subfield>
						<subfield code="r">Elodie A. Roy --</subfield>
						<subfield code="t">part, 5 Case studies --</subfield>
						<subfield code="t">chapter 31 Rethinking Indigenous popular music heritage as Australian heritage /</subfield>
						<subfield code="r">Åse Ottosson --</subfield>
						<subfield code="t">chapter 32 ‘Koile, ‘Te Hua’ and the reggae-fication of cultural heritage /</subfield>
						<subfield code="r">Dan Bendrups Pip Laufiso Hiliako Iaheto --</subfield>
						<subfield code="t">chapter 33 Bollywood --</subfield>
						<subfield code="t">Its histories in India, and beyond /</subfield>
						<subfield code="r">Jayson Beaster-Jones --</subfield>
						<subfield code="t">chapter 34 Preserving popular music heritage in Hungary /</subfield>
						<subfield code="r">Emília Barna --</subfield>
						<subfield code="t">chapter 35 The history and heritage of popular Afrikaans music /</subfield>
						<subfield code="r">Schalk van der Merwe --</subfield>
						<subfield code="t">chapter 36 Sound archives in West Africa /</subfield>
						<subfield code="r">Graeme Counsel --</subfield>
						<subfield code="t">chapter 37 Palestinian popular music --</subfield>
						<subfield code="t">How popular music becomes heritage /</subfield>
						<subfield code="r">Moslih Kanaaneh --</subfield>
						<subfield code="t">chapter 38 Phillips’ Sound Recording Services --</subfield>
						<subfield code="t">The studio that tourism forgot /</subfield>
						<subfield code="r">Mike Brocken.</subfield>
					</datafield>
					<datafield ind1=" " ind2="0" tag="650">
						<subfield code="a">Popular music</subfield>
						<subfield code="x">Historiography.</subfield>
					</datafield>
					<datafield ind1=" " ind2=" " tag="776">
						<subfield code="z">1-138-23763-9</subfield>
					</datafield>
					<datafield ind1="1" ind2=" " tag="700">
						<subfield code="a">Baker, Sarah,</subfield>
						<subfield code="d">1977-</subfield>
					</datafield>
					<datafield ind1="1" ind2=" " tag="700">
						<subfield code="a">Cantillon, Zelmarie.</subfield>
					</datafield>
					<datafield ind1="1" ind2=" " tag="700">
						<subfield code="a">Istvandity, Lauren.</subfield>
					</datafield>
					<datafield ind1="1" ind2=" " tag="700">
						<subfield code="a">Strong, Catherine.</subfield>
					</datafield>
					<datafield ind1=" " ind2=" " tag="906">
						<subfield code="a">BOOK</subfield>
					</datafield>
					<datafield ind1=" " ind2=" " tag="AVE">
						<subfield code="8">5390283730005506</subfield>
						<subfield code="c">6176611040005506</subfield>
						<subfield code="e">Available</subfield>
						<subfield code="m">Taylor &amp; Francis eBooks EBS</subfield>
						<subfield code="a">41SLSP_HSG</subfield>
						<subfield code="0">9911350092205506</subfield>
					</datafield>
				</record>
			</recordData>
			<recordIdentifier>9911350092205506</recordIdentifier>
			<recordPosition>58</recordPosition>
		</record>