
		<record>
			<recordSchema>marcxml</recordSchema>
			<recordPacking>xml</recordPacking>
			<recordData>
				<record xmlns="http://www.loc.gov/MARC21/slim">
					<leader>03964cam a2200313Ii 4500</leader>
					<controlfield tag="001">9911350565405506</controlfield>
					<controlfield tag="005">20181002120925.0</controlfield>
					<controlfield tag="006">m     o  d |</controlfield>
					<controlfield tag="007">cr cnu||||||||</controlfield>
					<controlfield tag="008">180706s2018    enk     ob    001 0 eng d</controlfield>
					<datafield ind1=" " ind2=" " tag="020">
						<subfield code="a">1-317-21948-1</subfield>
					</datafield>
					<datafield ind1=" " ind2=" " tag="020">
						<subfield code="a">1-315-62128-2</subfield>
					</datafield>
					<datafield ind1=" " ind2=" " tag="020">
						<subfield code="a">1-317-21949-X</subfield>
					</datafield>
					<datafield ind1="7" ind2=" " tag="024">
						<subfield code="a">10.4324/9781315621289</subfield>
						<subfield code="2">doi</subfield>
					</datafield>
					<datafield ind1=" " ind2=" " tag="035">
						<subfield code="a">(CKB)4340000000265834</subfield>
					</datafield>
					<datafield ind1=" " ind2=" " tag="035">
						<subfield code="a">(MiAaPQ)EBC5352659</subfield>
					</datafield>
					<datafield ind1=" " ind2=" " tag="035">
						<subfield code="a">(OCoLC)1029245435</subfield>
					</datafield>
					<datafield ind1=" " ind2=" " tag="035">
						<subfield code="a">(EXLCZ)994340000000265834</subfield>
					</datafield>
					<datafield ind1=" " ind2=" " tag="040">
						<subfield code="a">FlBoTFG</subfield>
						<subfield code="c">FlBoTFG</subfield>
						<subfield code="e">rda</subfield>
					</datafield>
					<datafield ind1=" " ind2="4" tag="050">
						<subfield code="a">P306.97.P65</subfield>
						<subfield code="b">R68 2018</subfield>
					</datafield>
					<datafield ind1="0" ind2=" " tag="082">
						<subfield code="a">418/.02</subfield>
						<subfield code="2">23</subfield>
					</datafield>
					<datafield ind1="1" ind2=" " tag="100">
						<subfield code="a">Fernández, Fruela,</subfield>
						<subfield code="d">1982-</subfield>
						<subfield code="e">editor.</subfield>
					</datafield>
					<datafield ind1="0" ind2="4" tag="245">
						<subfield code="a">The Routledge handbook of translation and politics /</subfield>
						<subfield code="c">edited by Fruela Fernández and Jonathan Evans.</subfield>
					</datafield>
					<datafield ind1="3" ind2="0" tag="246">
						<subfield code="a">Handbook of translation and politics</subfield>
					</datafield>
					<datafield ind1=" " ind2="1" tag="264">
						<subfield code="a">Milton Park, Abingdon, Oxon ;</subfield>
						<subfield code="a">New York, N.Y. :</subfield>
						<subfield code="b">Routledge,</subfield>
						<subfield code="c">[2018]</subfield>
					</datafield>
					<datafield ind1=" " ind2=" " tag="300">
						<subfield code="a">1 online resource (539 pages).</subfield>
					</datafield>
					<datafield ind1=" " ind2=" " tag="336">
						<subfield code="a">text</subfield>
						<subfield code="b">txt</subfield>
						<subfield code="2">rdacontent</subfield>
					</datafield>
					<datafield ind1=" " ind2=" " tag="337">
						<subfield code="a">computer</subfield>
						<subfield code="b">c</subfield>
						<subfield code="2">rdamedia</subfield>
					</datafield>
					<datafield ind1=" " ind2=" " tag="338">
						<subfield code="a">online resource</subfield>
						<subfield code="b">cr</subfield>
						<subfield code="2">rdacarrier</subfield>
					</datafield>
					<datafield ind1="0" ind2=" " tag="490">
						<subfield code="a">Routledge Handbooks in translation and interpreting studies</subfield>
					</datafield>
					<datafield ind1=" " ind2=" " tag="500">
						<subfield code="a">Includes index.</subfield>
					</datafield>
					<datafield ind1=" " ind2=" " tag="588">
						<subfield code="a">Description based on print version record.</subfield>
					</datafield>
					<datafield ind1="0" ind2="0" tag="505">
						<subfield code="t">part, I Translation and political ideas --</subfield>
						<subfield code="t">chapter 1 Introduction --</subfield>
						<subfield code="t">Emancipation, secret histories, and the language of hegemony /</subfield>
						<subfield code="r">Jonathan Evans Fruela Fernández --</subfield>
						<subfield code="t">chapter 2 Translation and Marxism /</subfield>
						<subfield code="r">Rocco Lacorte --</subfield>
						<subfield code="t">chapter 3 Translation and Fascism /</subfield>
						<subfield code="r">Christopher Rundle --</subfield>
						<subfield code="t">chapter 4 Translation and economic ideas /</subfield>
						<subfield code="r">Cornel Ban --</subfield>
						<subfield code="t">chapter 5 Translation and democracy /</subfield>
						<subfield code="r">Nicole Doerr --</subfield>
						<subfield code="t">chapter 6 Translation and globalization /</subfield>
						<subfield code="r">Shaobo Xie --</subfield>
						<subfield code="t">chapter 7 Translation and development /</subfield>
						<subfield code="r">Kobus Marais --</subfield>
						<subfield code="t">chapter 8 Translation and cosmopolitanism /</subfield>
						<subfield code="r">Esperança Bielsa --</subfield>
						<subfield code="t">chapter 9 Translation and Feminism /</subfield>
						<subfield code="r">Olga Castro Emek Ergun --</subfield>
						<subfield code="t">part, II Translation and structures of power --</subfield>
						<subfield code="t">chapter 10 Translation and violence /</subfield>
						<subfield code="r">Moira Inghilleri --</subfield>
						<subfield code="t">chapter 11 Translation and war /</subfield>
						<subfield code="r">Hilary Footitt Michael Kelly --</subfield>
						<subfield code="t">chapter 12 Translation and international justice /</subfield>
						<subfield code="r">Ellen Elias-Bursać Louise Askew --</subfield>
						<subfield code="t">chapter 13 Translation and cultural diplomacy /</subfield>
						<subfield code="r">Luise von Flotow --</subfield>
						<subfield code="t">chapter 14 Translation and institutions /</subfield>
						<subfield code="r">Christina Schäffner --</subfield>
						<subfield code="t">chapter 15 The politics of translation in multilingual states /</subfield>
						<subfield code="r">Reine Meylaerts --</subfield>
						<subfield code="t">chapter 16 Translation and censorship /</subfield>
						<subfield code="r">Denise Merkle --</subfield>
						<subfield code="t">chapter 17 Translation and activism /</subfield>
						<subfield code="r">Antonia Carcelén-Estrada --</subfield>
						<subfield code="t">chapter 18 Translation and colonialism /</subfield>
						<subfield code="r">Eric Cheyfitz Alex Harmon --</subfield>
						<subfield code="t">part, III Politics of translation --</subfield>
						<subfield code="t">chapter 19 Translators’ associations /</subfield>
						<subfield code="r">Sarah Griffin-Mason --</subfield>
						<subfield code="t">chapter 20 The politics of literary translation /</subfield>
						<subfield code="r">Francis R. Jones --</subfield>
						<subfield code="t">chapter 21 The politics of audiovisual translation /</subfield>
						<subfield code="r">Henrik Gottlieb --</subfield>
						<subfield code="t">chapter 22 The politics of localization /</subfield>
						<subfield code="r">Julie McDonough Dolmaya --</subfield>
						<subfield code="t">chapter 23 Music, politics and translation /</subfield>
						<subfield code="r">Şebnem Susam-Saraeva --</subfield>
						<subfield code="t">part, IV Case studies --</subfield>
						<subfield code="t">chapter 24 Politics of translation in Arabic-speaking countries /</subfield>
						<subfield code="r">Maria Nader --</subfield>
						<subfield code="t">chapter 25 History, language and translation --</subfield>
						<subfield code="t">Claiming the Indian nation /</subfield>
						<subfield code="r">Hephzibah Israel --</subfield>
						<subfield code="t">chapter 26 The politics of classical translation /</subfield>
						<subfield code="r">Rachel Mairs --</subfield>
						<subfield code="t">chapter 27 The politics of medieval European translation /</subfield>
						<subfield code="r">Emma Campbell --</subfield>
						<subfield code="t">chapter 28 Translation and communism in Eastern Europe /</subfield>
						<subfield code="r">Ioana Popa --</subfield>
						<subfield code="t">chapter 29 Translation and the Cold War /</subfield>
						<subfield code="r">Emily Lygo --</subfield>
						<subfield code="t">chapter 30 The politics of translation in Meiji Japan /</subfield>
						<subfield code="r">Akiko Uchiyama --</subfield>
						<subfield code="t">chapter 31 Translation and revolution in twentieth-century China /</subfield>
						<subfield code="r">Ning Wang --</subfield>
						<subfield code="t">chapter 32 Politics of translation in the ‘French’ Caribbean /</subfield>
						<subfield code="r">Anne Malena --</subfield>
						<subfield code="t">chapter 33 The role of missionary translation in African colonial politics /</subfield>
						<subfield code="r">Esther Ruth Liu --</subfield>
						<subfield code="t">chapter 34 Translation and politics in Vietnam /</subfield>
						<subfield code="r">Nhan Van Luong.</subfield>
					</datafield>
					<datafield ind1=" " ind2="0" tag="650">
						<subfield code="a">Translating and interpreting</subfield>
						<subfield code="x">Political aspects.</subfield>
					</datafield>
					<datafield ind1=" " ind2="4" tag="655">
						<subfield code="a">Electronic books.</subfield>
					</datafield>
					<datafield ind1=" " ind2=" " tag="776">
						<subfield code="z">1-138-65756-5</subfield>
					</datafield>
					<datafield ind1="1" ind2=" " tag="700">
						<subfield code="a">Evans, Jonathan</subfield>
						<subfield code="c">(Senior lecturer in translation studies),</subfield>
						<subfield code="e">editor.</subfield>
					</datafield>
					<datafield ind1="1" ind2=" " tag="700">
						<subfield code="a">Ferna?ndez, Fruela,</subfield>
						<subfield code="d">1982-</subfield>
						<subfield code="e">editor.</subfield>
					</datafield>
					<datafield ind1=" " ind2=" " tag="906">
						<subfield code="a">BOOK</subfield>
					</datafield>
					<datafield ind1=" " ind2=" " tag="AVE">
						<subfield code="8">5390187730005506</subfield>
						<subfield code="c">6176611040005506</subfield>
						<subfield code="e">Available</subfield>
						<subfield code="m">Taylor &amp; Francis eBooks EBS</subfield>
						<subfield code="a">41SLSP_HSG</subfield>
						<subfield code="0">9911350565405506</subfield>
					</datafield>
				</record>
			</recordData>
			<recordIdentifier>9911350565405506</recordIdentifier>
			<recordPosition>59</recordPosition>
		</record>