
		<record>
			<recordSchema>marcxml</recordSchema>
			<recordPacking>xml</recordPacking>
			<recordData>
				<record xmlns="http://www.loc.gov/MARC21/slim">
					<leader>08824cam a2200481Mu 4500</leader>
					<controlfield tag="001">9911350869405506</controlfield>
					<controlfield tag="005">20230309193859.0</controlfield>
					<controlfield tag="006">m        d</controlfield>
					<controlfield tag="007">cr#cnu---unuuu</controlfield>
					<controlfield tag="008">191012s2019    xx      o     000 0 eng d</controlfield>
					<datafield ind1=" " ind2=" " tag="020">
						<subfield code="a">1-351-33240-6</subfield>
					</datafield>
					<datafield ind1=" " ind2=" " tag="020">
						<subfield code="a">1-351-33241-4</subfield>
					</datafield>
					<datafield ind1=" " ind2=" " tag="020">
						<subfield code="a">0-203-70208-5</subfield>
					</datafield>
					<datafield ind1=" " ind2=" " tag="035">
						<subfield code="a">(CKB)4100000009444770</subfield>
					</datafield>
					<datafield ind1=" " ind2=" " tag="035">
						<subfield code="a">(MiAaPQ)EBC5916572</subfield>
					</datafield>
					<datafield ind1=" " ind2=" " tag="035">
						<subfield code="a">(OCoLC)1122919648</subfield>
					</datafield>
					<datafield ind1=" " ind2=" " tag="035">
						<subfield code="a">(OCoLC-P)1122919648</subfield>
					</datafield>
					<datafield ind1=" " ind2=" " tag="035">
						<subfield code="a">(FlBoTFG)9780203702086</subfield>
					</datafield>
					<datafield ind1=" " ind2=" " tag="035">
						<subfield code="a">(PPN)250336294</subfield>
					</datafield>
					<datafield ind1=" " ind2=" " tag="035">
						<subfield code="a">(EXLCZ)994100000009444770</subfield>
					</datafield>
					<datafield ind1=" " ind2=" " tag="040">
						<subfield code="a">OCoLC-P</subfield>
						<subfield code="b">eng</subfield>
						<subfield code="c">OCoLC-P</subfield>
					</datafield>
					<datafield ind1=" " ind2="4" tag="050">
						<subfield code="a">LB2866</subfield>
						<subfield code="b">.R688 2020</subfield>
					</datafield>
					<datafield ind1=" " ind2="7" tag="072">
						<subfield code="a">EDU</subfield>
						<subfield code="x">000000</subfield>
						<subfield code="2">bisacsh</subfield>
					</datafield>
					<datafield ind1=" " ind2="7" tag="072">
						<subfield code="a">JNM</subfield>
						<subfield code="2">bicssc</subfield>
					</datafield>
					<datafield ind1="0" ind2=" " tag="082">
						<subfield code="a">363.119371</subfield>
						<subfield code="2">23</subfield>
					</datafield>
					<datafield ind1="0" ind2="4" tag="245">
						<subfield code="a">The Routledge International Handbook of Universities, Security and Intelligence Studies</subfield>
						<subfield code="h">[electronic resource].</subfield>
					</datafield>
					<datafield ind1=" " ind2=" " tag="260">
						<subfield code="a">Milton :</subfield>
						<subfield code="b">Routledge,</subfield>
						<subfield code="c">2019.</subfield>
					</datafield>
					<datafield ind1=" " ind2=" " tag="300">
						<subfield code="a">1 online resource (569 pages)</subfield>
					</datafield>
					<datafield ind1=" " ind2=" " tag="336">
						<subfield code="a">text</subfield>
						<subfield code="b">txt</subfield>
						<subfield code="2">rdacontent</subfield>
					</datafield>
					<datafield ind1=" " ind2=" " tag="337">
						<subfield code="a">computer</subfield>
						<subfield code="b">c</subfield>
						<subfield code="2">rdamedia</subfield>
					</datafield>
					<datafield ind1=" " ind2=" " tag="338">
						<subfield code="a">online resource</subfield>
						<subfield code="b">cr</subfield>
						<subfield code="2">rdacarrier</subfield>
					</datafield>
					<datafield ind1="1" ind2=" " tag="490">
						<subfield code="a">Routledge International Handbooks of Education</subfield>
					</datafield>
					<datafield ind1="0" ind2="0" tag="505">
						<subfield code="g">Introduction /</subfield>
						<subfield code="r">Liam Francis Gearon --</subfield>
						<subfield code="g">Part I:</subfield>
						<subfield code="t">Universities, Security and Intelligence Studies: an Academic Cartography.</subfield>
						<subfield code="g">Chapter 1:</subfield>
						<subfield code="t">The University-Security-Intelligence Nexus: Four Domains /</subfield>
						<subfield code="r">Liam Francis Gearon --</subfield>
						<subfield code="g">Part II:</subfield>
						<subfield code="t">Universities, Security, Intelligence: National Contexts, International Settings.</subfield>
						<subfield code="g">Chapter 2:</subfield>
						<subfield code="t">American Universities, the CIA, and the Teaching of National Security Intelligence /</subfield>
						<subfield code="r">Loch K. Johnson --</subfield>
						<subfield code="g">Chapter 3:</subfield>
						<subfield code="t">The FBI, Cybersecurity and American Campuses: Academia, Government, and Industry as Allies in Cybersecurity Effectiveness /</subfield>
						<subfield code="r">Kevin Powers</subfield>
						<subfield code="r">James Burns --</subfield>
						<subfield code="g">Chapter 4:</subfield>
						<subfield code="t">'What was needed were copyists, filers, and really intelligent men of capacity': British Signals Intelligence and the Universities, 1914-1992 /</subfield>
						<subfield code="r">John R. Ferris --</subfield>
						<subfield code="g">Chapter 5:</subfield>
						<subfield code="t">Datafication and Universities: the Convergence of Spies, Scholars and Science /</subfield>
						<subfield code="r">Richard J. Aldrich</subfield>
						<subfield code="r">Melina J. Dobson --</subfield>
						<subfield code="g">Chapter 6:</subfield>
						<subfield code="t">The Relationship between Intelligence and the Academy in Canada /</subfield>
						<subfield code="r">Angela Gendron --</subfield>
						<subfield code="g">Chapter 7:</subfield>
						<subfield code="t">'I would remind you that NATO is not a university': Navigating the Challenges and Legacy of NATO Economic Intelligence /</subfield>
						<subfield code="r">Adrian Kendry --</subfield>
						<subfield code="g">Chapter 8:</subfield>
						<subfield code="t">Understanding the Relationships between Academia and National Security Intelligence in the European Context /</subfield>
						<subfield code="r">Rubén Arcos --</subfield>
						<subfield code="g">Chapter 9:</subfield>
						<subfield code="t">The German Foreign Intelligence Agency (BND): Publicly Addressing a Clandestine History /</subfield>
						<subfield code="r">Bodo V. Hechelhammer --</subfield>
						<subfield code="g">Chapter 10:</subfield>
						<subfield code="t">The Figure of the Traitor in the Chekist Cosmology /</subfield>
						<subfield code="r">Julie Fedor --</subfield>
						<subfield code="g">Chapter 11:</subfield>
						<subfield code="t">How Russia Trains Its Spies: the Past and Present of Russian Intelligence Education /</subfield>
						<subfield code="r">Filip Kovacevic --</subfield>
						<subfield code="g">Chapter 12:</subfield>
						<subfield code="t">The Chinese Intelligence Service /</subfield>
						<subfield code="r">Nigel Inkster --</subfield>
						<subfield code="g">Part III:</subfield>
						<subfield code="t">Espionage and the Academy: Spy Stories.</subfield>
						<subfield code="g">Chapter 13:</subfield>
						<subfield code="t">The Cambridge Spy Ring: The Mystery of Wilfrid Mann /</subfield>
						<subfield code="r">Andrew Lownie  --</subfield>
						<subfield code="g">Chapter 14:</subfield>
						<subfield code="t">John Gordon Coates PhD DSO (1918-2006): Conscientious Objector, Interrogator, Intelligence Officer, Commando, Saboteur, Spy…Academic /</subfield>
						<subfield code="r">Paddy Hayes --</subfield>
						<subfield code="g">Part IV:</subfield>
						<subfield code="t">Spies, Scholars and the Study of Intelligence.</subfield>
						<subfield code="g">Chapter 15:</subfield>
						<subfield code="t">The Oxford Intelligence Group /</subfield>
						<subfield code="r">Gwilym Hughes --</subfield>
						<subfield code="g">Chapter 16:</subfield>
						<subfield code="t">A Missing Dimension No Longer: Intelligence Studies, Professor Christopher Andrew, and the University of Cambridge /</subfield>
						<subfield code="r">Daniel Larsen --</subfield>
						<subfield code="g">Part V:</subfield>
						<subfield code="t">University Security and Intelligence Studies: Research and Scholarship, Teaching and Ethics.</subfield>
						<subfield code="g">Chapter 17:</subfield>
						<subfield code="t">What Do We Teach When We Teach Intelligence Ethics? /</subfield>
						<subfield code="r">David Omand</subfield>
						<subfield code="r">Mark Phythian --</subfield>
						<subfield code="g">Chapter 18:</subfield>
						<subfield code="t">Secret and Ethically Sensitive Research /</subfield>
						<subfield code="r">Joanna Kidd --</subfield>
						<subfield code="g">Chapter 19:</subfield>
						<subfield code="t">Intelligent Studies: Degrees in Intelligence and the Intelligence Community /</subfield>
						<subfield code="r">Scott Parsons --</subfield>
						<subfield code="g">Chapter 20:</subfield>
						<subfield code="t">Experimenting with Intelligence Education: Overcoming Design Challenges in Multidisciplinary Intelligence Analysis Programs /</subfield>
						<subfield code="r">Stephen Marrin</subfield>
						<subfield code="r">Sophie Victoria Cienski --</subfield>
						<subfield code="g">Part VI:</subfield>
						<subfield code="t">Security, Intelligence, and Securitization Theory: Comparative and International Terrorism Research.</subfield>
						<subfield code="g">Chapter 21:</subfield>
						<subfield code="t">The Epistemologies of Terrorism and Counter-Terrorism Research /</subfield>
						<subfield code="r">Quassim Cassam --</subfield>
						<subfield code="g">Chapter 22:</subfield>
						<subfield code="t">Dynamics of Securitization: an Analysis of Universities' Engagement with the Prevent Legislation /</subfield>
						<subfield code="r">Lynn Schneider --</subfield>
						<subfield code="g">Chapter 23:</subfield>
						<subfield code="t">Intelligence and the Management of Radicalisation and Extremism in Universities in Asia and Africa /</subfield>
						<subfield code="r">David Johnson --</subfield>
						<subfield code="g">Part VII:</subfield>
						<subfield code="t">Universities, Security and Secret Intelligence: Diplomatic, Journalistic and Policy Perspectives.</subfield>
						<subfield code="g">Chapter 24:</subfield>
						<subfield code="t">Between Lucky Jim and George Smiley: The Public Policy Role of Intelligence Scholars /</subfield>
						<subfield code="r">Robert Dover</subfield>
						<subfield code="r">Michael S. Goodman --</subfield>
						<subfield code="g">Chapter 25:</subfield>
						<subfield code="t">But What Do You Want It For? Secret Intelligence and the Foreign Policy Practitioner /</subfield>
						<subfield code="r">Claire Smith --</subfield>
						<subfield code="g">Chapter 26:</subfield>
						<subfield code="t">Intelligence Recruitment in 1945 and 'Peculiar Personal Characteristics' /</subfield>
						<subfield code="r">Michael Herman --</subfield>
						<subfield code="g">Chapter 27:</subfield>
						<subfield code="t">'Men of the Professor Type' Revisited: Building a Partnership between Academic Research and National Security /</subfield>
						<subfield code="r">Tristram Riley-Smith --</subfield>
						<subfield code="g">Chapter 28:</subfield>
						<subfield code="t">Open Source Intelligence: Academic Research, Journalism or Spying? /</subfield>
						<subfield code="r">Chris Westcott --</subfield>
						<subfield code="g">Chapter 29:</subfield>
						<subfield code="t">Overkill: Why universities modelling the impact of nuclear war in the 1980s could not change the views of the security state /</subfield>
						<subfield code="r">John Preston --</subfield>
						<subfield code="g">Part VIII:</subfield>
						<subfield code="t">Universities, Security and Intelligence: Disciplinary Lenses of the Arts, Literature and Humanities.</subfield>
						<subfield code="g">Chapter 30:</subfield>
						<subfield code="t">The Art(s and Humanities) of Security: A Broader Approach to Countering Security Threats /</subfield>
						<subfield code="r">Andrew Glazzard --</subfield>
						<subfield code="g">Chapter 31:</subfield>
						<subfield code="t">Dispelling the Myths: Academic Studies, Intelligence and Historical Research /</subfield>
						<subfield code="r">Helen Fry --</subfield>
						<subfield code="g">Chapter 32:</subfield>
						<subfield code="t">Stalin's Library /</subfield>
						<subfield code="r">Svetlana Lokhova --</subfield>
						<subfield code="g">Chapter 33:</subfield>
						<subfield code="t">A Landscape of Lies in the Land of Letters: The Literary Cartography of Security and Intelligence /</subfield>
						<subfield code="r">Liam Francis Gearon --</subfield>
						<subfield code="t">Supplementary: National Security and Intelligence – Outreach, Commentary, Critique: A Global Survey of Official, Policy and Academic Sources /</subfield>
						<subfield code="r">Liam Francis Gearon.</subfield>
					</datafield>
					<datafield ind1=" " ind2=" " tag="588">
						<subfield code="a">Description based on print version record.</subfield>
					</datafield>
					<datafield ind1=" " ind2=" " tag="504">
						<subfield code="a">Includes bibliographical references.</subfield>
					</datafield>
					<datafield ind1=" " ind2=" " tag="500">
						<subfield code="a">Description based upon print version of record.</subfield>
					</datafield>
					<datafield ind1=" " ind2=" " tag="520">
						<subfield code="a">In an era of intensified international terror, universities have been increasingly drawn into an arena of locating, monitoring and preventing such threats, forcing them into often covert relationships with the security and intelligence agencies. With case studies from across the world, the Routledge International Handbook of Universities, Security and Intelligence Studies provides a comparative, in-depth analysis of the historical and contemporary relationships between global universities, national security and intelligence agencies. Written by leading international experts and from multidisciplinary perspectives, the Routledge International Handbook of Universities, Security and Intelligence Studies provides theoretical, methodological and empirical definition to academic, scholarly and research enquiry at the interface of higher education, security and intelligence studies. Divided into eight sections, the Handbook explores themes such as: the intellectual frame for our understanding of the university-security-intelligence network; historical, contemporary and future-looking interactions from across the globe; accounts of individuals who represent the broader landscape between universities and the security and intelligence agencies; the reciprocal interplay of personnel from universities to the security and intelligence agencies and vice versa; the practical goals of scholarship, research and teaching of security and intelligence both from within universities and the agencies themselves; terrorism research as an important dimension of security and intelligence within and beyond universities; the implication of security and intelligence in diplomacy, journalism and as an element of public policy; the extent to which security and intelligence practice, research and study far exceeds the traditional remit of commonly held notions of security and intelligence. Bringing together a unique blend of leading academic and practitioner authorities on security and intelligence, the Routledge International Handbook of Universities, Security and Intelligence Studies is an essential and authoritative guide for researchers and policymakers looking to understand the relationship between universities, the security services and the intelligence community.</subfield>
					</datafield>
					<datafield ind1=" " ind2="0" tag="650">
						<subfield code="a">Universities and colleges</subfield>
						<subfield code="x">Security</subfield>
						<subfield code="v">Cross-cultural studies.</subfield>
					</datafield>
					<datafield ind1=" " ind2="0" tag="650">
						<subfield code="a">Intelligence service</subfield>
						<subfield code="v">Cross-cultural studies.</subfield>
					</datafield>
					<datafield ind1=" " ind2="0" tag="650">
						<subfield code="a">National security</subfield>
						<subfield code="v">Cross-cultural studies.</subfield>
					</datafield>
					<datafield ind1=" " ind2="0" tag="650">
						<subfield code="a">Education and globalization</subfield>
						<subfield code="v">Cross-cultural studies.</subfield>
					</datafield>
					<datafield ind1=" " ind2=" " tag="776">
						<subfield code="z">1-138-57241-1</subfield>
					</datafield>
					<datafield ind1="1" ind2=" " tag="700">
						<subfield code="a">Gearon, Liam.</subfield>
					</datafield>
					<datafield ind1=" " ind2=" " tag="906">
						<subfield code="a">BOOK</subfield>
					</datafield>
					<datafield ind1=" " ind2=" " tag="AVE">
						<subfield code="8">5390388260005506</subfield>
						<subfield code="c">6176611040005506</subfield>
						<subfield code="e">Available</subfield>
						<subfield code="m">Taylor &amp; Francis eBooks EBS</subfield>
						<subfield code="a">41SLSP_HSG</subfield>
						<subfield code="0">9911350869405506</subfield>
					</datafield>
				</record>
			</recordData>
			<recordIdentifier>9911350869405506</recordIdentifier>
			<recordPosition>60</recordPosition>
		</record>