
		<record>
			<recordSchema>marcxml</recordSchema>
			<recordPacking>xml</recordPacking>
			<recordData>
				<record xmlns="http://www.loc.gov/MARC21/slim">
					<leader>00870nam a2200217 c 4500</leader>
					<controlfield tag="001">9911356961205506</controlfield>
					<controlfield tag="005">20230315141107.0</controlfield>
					<controlfield tag="008">230105s2022    xxc           0|| 0 eng d</controlfield>
					<datafield ind1=" " ind2=" " tag="020">
						<subfield code="a">1773698532</subfield>
					</datafield>
					<datafield ind1=" " ind2=" " tag="020">
						<subfield code="a">9781773698533</subfield>
					</datafield>
					<datafield ind1=" " ind2=" " tag="035">
						<subfield code="a">(OCoLC)1356243289</subfield>
					</datafield>
					<datafield ind1=" " ind2=" " tag="035">
						<subfield code="a">(EXLNZ-41SLSP_NETWORK)991171136660305501</subfield>
					</datafield>
					<datafield ind1=" " ind2=" " tag="040">
						<subfield code="a">YDX</subfield>
						<subfield code="b">eng</subfield>
						<subfield code="c">YDX</subfield>
						<subfield code="d">CH-ZuSLS HSG</subfield>
						<subfield code="e">rda</subfield>
					</datafield>
					<datafield ind1="1" ind2=" " tag="100">
						<subfield code="a">Jafar, Samantha</subfield>
						<subfield code="4">aut</subfield>
					</datafield>
					<datafield ind1="1" ind2="0" tag="245">
						<subfield code="a">Secret admirer</subfield>
						<subfield code="b">behind the curtains of a parasocial relationship</subfield>
						<subfield code="c">Samantha Jafar, Celina Lee, Anjali Singh, Nikita Chugh, Valerie Chow, Muhammad Ansar, Madison Coutinho ; with Austin &amp; Catherine Mardon ; Design by Dana Mah</subfield>
					</datafield>
					<datafield ind1=" " ind2="1" tag="264">
						<subfield code="a">Edmonton</subfield>
						<subfield code="b">GM Press</subfield>
						<subfield code="c">2022</subfield>
					</datafield>
					<datafield ind1=" " ind2=" " tag="336">
						<subfield code="b">txt</subfield>
						<subfield code="2">rdacontent</subfield>
					</datafield>
					<datafield ind1=" " ind2=" " tag="337">
						<subfield code="b">n</subfield>
						<subfield code="2">rdamedia</subfield>
					</datafield>
					<datafield ind1=" " ind2=" " tag="338">
						<subfield code="b">nc</subfield>
						<subfield code="2">rdacarrier</subfield>
					</datafield>
					<datafield ind1=" " ind2="7" tag="650">
						<subfield code="a">Social Media</subfield>
						<subfield code="2">gnd</subfield>
						<subfield code="0">(DE-588)4639271-3</subfield>
					</datafield>
					<datafield ind1=" " ind2="7" tag="650">
						<subfield code="a">Parasoziale Interaktion</subfield>
						<subfield code="2">gnd</subfield>
						<subfield code="0">(DE-588)7724326-2</subfield>
					</datafield>
					<datafield ind1="0" ind2="8" tag="776">
						<subfield code="i">Erscheint auch als</subfield>
						<subfield code="n">Online-Ausgabe</subfield>
						<subfield code="z">9781773698540</subfield>
					</datafield>
					<datafield ind1=" " ind2=" " tag="AVA">
						<subfield code="0">9911356961205506</subfield>
						<subfield code="8">2290967630005506</subfield>
						<subfield code="a">41SLSP_HSG</subfield>
						<subfield code="b">HSG</subfield>
						<subfield code="c">Basement</subfield>
						<subfield code="d">AP 15965 J23</subfield>
						<subfield code="e">available</subfield>
						<subfield code="f">1</subfield>
						<subfield code="g">0</subfield>
						<subfield code="j">UG</subfield>
						<subfield code="k">4</subfield>
						<subfield code="p">1</subfield>
						<subfield code="q">HSG</subfield>
					</datafield>
				</record>
			</recordData>
			<recordIdentifier>9911356961205506</recordIdentifier>
			<recordPosition>62</recordPosition>
		</record>