
		<record>
			<recordSchema>marcxml</recordSchema>
			<recordPacking>xml</recordPacking>
			<recordData>
				<record xmlns="http://www.loc.gov/MARC21/slim">
					<leader>03664cam a22005054a 4500</leader>
					<controlfield tag="001">9911170706305506</controlfield>
					<controlfield tag="005">20230621141049.0</controlfield>
					<controlfield tag="006">m     o  d</controlfield>
					<controlfield tag="007">cr||||||||nn|n</controlfield>
					<controlfield tag="008">941123s2019    mdu     o      00 0 eng d</controlfield>
					<datafield ind1=" " ind2=" " tag="020">
						<subfield code="a">1-4214-3136-X</subfield>
					</datafield>
					<datafield ind1=" " ind2=" " tag="035">
						<subfield code="a">(CKB)4100000010460899</subfield>
					</datafield>
					<datafield ind1=" " ind2=" " tag="035">
						<subfield code="a">(OCoLC)1123937046</subfield>
					</datafield>
					<datafield ind1=" " ind2=" " tag="035">
						<subfield code="a">(MdBmJHUP)muse78138</subfield>
					</datafield>
					<datafield ind1=" " ind2=" " tag="035">
						<subfield code="a">(oapen)https://directory.doabooks.org/handle/20.500.12854/88848</subfield>
					</datafield>
					<datafield ind1=" " ind2=" " tag="035">
						<subfield code="a">(EXLCZ)994100000010460899</subfield>
					</datafield>
					<datafield ind1=" " ind2=" " tag="040">
						<subfield code="a">MdBmJHUP</subfield>
						<subfield code="c">MdBmJHUP</subfield>
					</datafield>
					<datafield ind1="0" ind2=" " tag="041">
						<subfield code="a">eng</subfield>
					</datafield>
					<datafield ind1="0" ind2="4" tag="050">
						<subfield code="a">E807</subfield>
						<subfield code="b">.G44 1995</subfield>
					</datafield>
					<datafield ind1="0" ind2=" " tag="082">
						<subfield code="a">B</subfield>
						<subfield code="2">20</subfield>
					</datafield>
					<datafield ind1="0" ind2=" " tag="082">
						<subfield code="a">973.917/092/2</subfield>
						<subfield code="2">20</subfield>
					</datafield>
					<datafield ind1="1" ind2=" " tag="100">
						<subfield code="a">Gellman, Irwin F,</subfield>
						<subfield code="e">author</subfield>
					</datafield>
					<datafield ind1="1" ind2="0" tag="245">
						<subfield code="a">Secret Affairs</subfield>
						<subfield code="b">Franklin Roosevelt, Cordell Hull, and Sumner Welles /</subfield>
						<subfield code="c">Irwin F. Gellman.</subfield>
					</datafield>
					<datafield ind1=" " ind2=" " tag="260">
						<subfield code="b">Johns Hopkins University Press</subfield>
					</datafield>
					<datafield ind1=" " ind2=" " tag="300">
						<subfield code="a">1 online resource (1 online resource (xvii, 499 pages :)</subfield>
						<subfield code="b">illustrations)</subfield>
					</datafield>
					<datafield ind1=" " ind2=" " tag="336">
						<subfield code="a">text</subfield>
						<subfield code="b">txt</subfield>
						<subfield code="2">rdacontent</subfield>
					</datafield>
					<datafield ind1=" " ind2=" " tag="337">
						<subfield code="a">computer</subfield>
						<subfield code="b">c</subfield>
						<subfield code="2">rdamedia</subfield>
					</datafield>
					<datafield ind1=" " ind2=" " tag="338">
						<subfield code="a">online resource</subfield>
						<subfield code="b">cr</subfield>
						<subfield code="2">rdacarrier</subfield>
					</datafield>
					<datafield ind1=" " ind2=" " tag="500">
						<subfield code="a">Originally published as Johns Hopkins Press, 1995</subfield>
					</datafield>
					<datafield ind1=" " ind2=" " tag="504">
						<subfield code="a">Includes bibliographical references (pages 455-469) and index.</subfield>
					</datafield>
					<datafield ind1="0" ind2=" " tag="505">
						<subfield code="a">The chief sets the tone -- Enter Hull -- Welles in Cuba -- The balance of the first term -- The bloodiest bureaucratic battle -- Reorganizing the department -- The Welles mission -- The sphinx, Hull, and the others -- An incredible set of circumstances -- Provoking war -- Hull loses control -- Working for victory -- Ruining Welles -- Resignation -- Hull's last year -- Roosevelt's last months -- Those who survived.</subfield>
					</datafield>
					<datafield ind1="8" ind2=" " tag="520">
						<subfield code="a">Hull never groomed a successor, and Welles kept his foreign assignations as classified as his sexual orientation.</subfield>
					</datafield>
					<datafield ind1="8" ind2=" " tag="520">
						<subfield code="a">Gellman concludes that although Roosevelt, Hull, and Welles usually agreed on foreign policy matters, the events that molded each man's character remained a mystery to others. Their failure to cope with their secret affairs - to subordinate their personal concerns to the higher good of the nation - eventually destroyed much of what they hoped would be their legacy. Roosevelt never explained his objectives to Vice-President Harry Truman or anyone else.</subfield>
					</datafield>
					<datafield ind1="8" ind2=" " tag="520">
						<subfield code="a">In Secret Affairs Irwin Gellman brings to light startling new information about the intrigues, deceptions, and behind-the-scenes power struggles that influenced America's role in World War II and left their mark on world events - for good or ill - in the half-century that followed.</subfield>
					</datafield>
					<datafield ind1="8" ind2=" " tag="520">
						<subfield code="a">These three legendary figures - Franklin Roosevelt, Cordell Hull, and Sumner Welles - not only concealed such secrets for more than a decade but did so while directing U.S. foreign policy during some of the most perilous events in the nation's history.</subfield>
					</datafield>
					<datafield ind1=" " ind2=" " tag="520">
						<subfield code="a">The president was paralyzed from the waist down, but concealed the extent of his disability from a public that was never permitted to see him in a wheelchair. The secretary of state was old and frail, debilitated by a highly contagious and usually fatal disease that was as closely guarded a state secret as his wife's Jewish ancestry. The under secretary was a pompous and aloof man who married three times but, when intoxicated, preferred sex with railroad porters, shoeshine boys, and cabdrivers.</subfield>
					</datafield>
					<datafield ind1=" " ind2=" " tag="588">
						<subfield code="a">Description based on print version record.</subfield>
					</datafield>
					<datafield ind1=" " ind2=" " tag="546">
						<subfield code="a">English</subfield>
					</datafield>
					<datafield ind1="1" ind2="1" tag="600">
						<subfield code="a">Welles, Sumner,</subfield>
						<subfield code="d">1892-1961.</subfield>
					</datafield>
					<datafield ind1="1" ind2="1" tag="600">
						<subfield code="a">Hull, Cordell,</subfield>
						<subfield code="d">1871-1955.</subfield>
					</datafield>
					<datafield ind1="1" ind2="1" tag="600">
						<subfield code="a">Roosevelt, Franklin D.</subfield>
						<subfield code="q">(Franklin Delano),</subfield>
						<subfield code="d">1882-1945</subfield>
						<subfield code="x">Friends and associates.</subfield>
					</datafield>
					<datafield ind1=" " ind2="7" tag="650">
						<subfield code="a">History of the Americas</subfield>
						<subfield code="2">bicssc</subfield>
					</datafield>
					<datafield ind1=" " ind2=" " tag="653">
						<subfield code="a">History of the Americas</subfield>
					</datafield>
					<datafield ind1=" " ind2=" " tag="776">
						<subfield code="z">1-4214-3137-8</subfield>
					</datafield>
					<datafield ind1=" " ind2=" " tag="776">
						<subfield code="z">1-4214-3028-2</subfield>
					</datafield>
					<datafield ind1=" " ind2=" " tag="906">
						<subfield code="a">BOOK</subfield>
					</datafield>
					<datafield ind1=" " ind2=" " tag="AVE">
						<subfield code="8">5372708190005506</subfield>
						<subfield code="c">6150260770005506</subfield>
						<subfield code="e">Available</subfield>
						<subfield code="m">Project MUSE Open Access Books</subfield>
						<subfield code="t">Project Muse</subfield>
						<subfield code="a">41SLSP_HSG</subfield>
						<subfield code="0">9911170706305506</subfield>
					</datafield>
				</record>
			</recordData>
			<recordIdentifier>9911170706305506</recordIdentifier>
			<recordPosition>63</recordPosition>
		</record>