
		<record>
			<recordSchema>marcxml</recordSchema>
			<recordPacking>xml</recordPacking>
			<recordData>
				<record xmlns="http://www.loc.gov/MARC21/slim">
					<leader>04734nam a2200589 c 4500</leader>
					<controlfield tag="001">9910629980105506</controlfield>
					<controlfield tag="005">20230409181940.0</controlfield>
					<controlfield tag="008">201011s2018    sz            00| | fre|d</controlfield>
					<datafield ind1=" " ind2=" " tag="020">
						<subfield code="a">9782882958150</subfield>
					</datafield>
					<datafield ind1="7" ind2=" " tag="024">
						<subfield code="a">http://catalogue.bnf.fr/ark:/12148/cb45581219w</subfield>
						<subfield code="2">uri</subfield>
					</datafield>
					<datafield ind1=" " ind2=" " tag="035">
						<subfield code="a">(swissbib)229130615-41slsp_network</subfield>
					</datafield>
					<datafield ind1=" " ind2=" " tag="035">
						<subfield code="a">229130615</subfield>
						<subfield code="9">ExL</subfield>
					</datafield>
					<datafield ind1=" " ind2=" " tag="035">
						<subfield code="a">(NEBIS)011341556EBI01</subfield>
					</datafield>
					<datafield ind1=" " ind2=" " tag="035">
						<subfield code="a">(IDSSG)001062998HSB01</subfield>
					</datafield>
					<datafield ind1=" " ind2=" " tag="035">
						<subfield code="a">(IDSBB)007086105DSV01</subfield>
					</datafield>
					<datafield ind1=" " ind2=" " tag="035">
						<subfield code="a">(RERO)R008859207-41slsp</subfield>
					</datafield>
					<datafield ind1=" " ind2=" " tag="035">
						<subfield code="a">(EXLNZ-41SLSP_NETWORK)991052193449705501</subfield>
					</datafield>
					<datafield ind1=" " ind2=" " tag="040">
						<subfield code="a">RERO vsbcvs</subfield>
						<subfield code="b">ger</subfield>
						<subfield code="e">rda</subfield>
						<subfield code="d">CH-ZuSLS</subfield>
					</datafield>
					<datafield ind1=" " ind2=" " tag="044">
						<subfield code="a">sz</subfield>
						<subfield code="c">ch-vd</subfield>
					</datafield>
					<datafield ind1=" " ind2="7" tag="072">
						<subfield code="a">sp</subfield>
						<subfield code="2">rero</subfield>
					</datafield>
					<datafield ind1="1" ind2="4" tag="082">
						<subfield code="a">320</subfield>
						<subfield code="2">15</subfield>
					</datafield>
					<datafield ind1="1" ind2=" " tag="100">
						<subfield code="a">Neirynck, Jacques</subfield>
						<subfield code="d">1931-</subfield>
						<subfield code="6">880-01</subfield>
						<subfield code="0">(DE-588)120052954</subfield>
						<subfield code="e">Verfasser</subfield>
						<subfield code="4">aut</subfield>
					</datafield>
					<datafield ind1="1" ind2=" " tag="880">
						<subfield code="6">100-01</subfield>
						<subfield code="a">Neirynck, Jacques</subfield>
						<subfield code="d">1931-....</subfield>
						<subfield code="0">(IDREF)027046044</subfield>
						<subfield code="4">cre</subfield>
					</datafield>
					<datafield ind1="1" ind2="0" tag="245">
						<subfield code="a">&lt;&lt;Le&gt;&gt; secret des Suisses</subfield>
						<subfield code="b">le goût du consensus</subfield>
						<subfield code="c">Jacques Neirynck</subfield>
					</datafield>
					<datafield ind1=" " ind2="1" tag="264">
						<subfield code="a">Bière</subfield>
						<subfield code="b">Editions Cabédita</subfield>
						<subfield code="c">2018</subfield>
					</datafield>
					<datafield ind1=" " ind2=" " tag="300">
						<subfield code="a">138 Seiten</subfield>
					</datafield>
					<datafield ind1=" " ind2=" " tag="336">
						<subfield code="b">txt</subfield>
						<subfield code="2">rdacontent</subfield>
					</datafield>
					<datafield ind1=" " ind2=" " tag="337">
						<subfield code="b">n</subfield>
						<subfield code="2">rdamedia</subfield>
					</datafield>
					<datafield ind1=" " ind2=" " tag="338">
						<subfield code="b">nc</subfield>
						<subfield code="2">rdacarrier</subfield>
					</datafield>
					<datafield ind1="0" ind2=" " tag="490">
						<subfield code="a">Espace et horizon</subfield>
					</datafield>
					<datafield ind1="8" ind2=" " tag="520">
						<subfield code="a">Quatrième de couverture : La Suisse constitue une exception parmi les nations. Les tragédies de l'histoire européenne lui ont été épargnées. Malgré son manque de ressources naturelles, elle baigne dans la prospérité. Or, ses institutions politiques sont tout à fait particulières par la pratique de la démocratie directe, de la concordance dans les exécutifs et du fédéralisme. On découvre que le peuple est réellement souverain. Sur le cas particulier helvétique, on peut étudier la démarche d'une politique historique, résolument éloignée des attraits du pouvoir pour se consacrer au bien commun. On peut parler d'une acratie (absence de pouvoir), tant l'exercice de celui-ci y est retenu et discret. L'ouvrage passe en revue les problèmes réels et importants comme le soin des malades, le soutien des aînés, la formation des jeunes, le respect des minorités, la correction des inévitables erreurs et compare ce qui fut avec ce qui aurait dû être. La lenteur de l'évolution politique suggère que le secret revien</subfield>
					</datafield>
					<datafield ind1=" " ind2="7" tag="650">
						<subfield code="a">Direkte Demokratie</subfield>
						<subfield code="0">(DE-588)4134792-4</subfield>
						<subfield code="2">gnd</subfield>
					</datafield>
					<datafield ind1=" " ind2="7" tag="650">
						<subfield code="a">Konkordanzdemokratie</subfield>
						<subfield code="0">(DE-588)4165003-7</subfield>
						<subfield code="2">gnd</subfield>
					</datafield>
					<datafield ind1=" " ind2="7" tag="650">
						<subfield code="a">Konsens</subfield>
						<subfield code="0">(DE-588)4010504-0</subfield>
						<subfield code="2">gnd</subfield>
					</datafield>
					<datafield ind1=" " ind2="7" tag="650">
						<subfield code="a">Politisches System</subfield>
						<subfield code="0">(DE-588)4046584-6</subfield>
						<subfield code="2">gnd</subfield>
					</datafield>
					<datafield ind1=" " ind2="7" tag="650">
						<subfield code="a">Politisches System</subfield>
						<subfield code="0">(DE-STW)16292-2</subfield>
						<subfield code="2">stw</subfield>
					</datafield>
					<datafield ind1=" " ind2="7" tag="650">
						<subfield code="a">Régimes politiques</subfield>
						<subfield code="0">(IDREF)030518563</subfield>
						<subfield code="2">idref</subfield>
					</datafield>
					<datafield ind1=" " ind2="7" tag="650">
						<subfield code="a">Politique et gouvernement</subfield>
						<subfield code="0">(IDREF)027728110</subfield>
						<subfield code="2">idref</subfield>
					</datafield>
					<datafield ind1=" " ind2="7" tag="650">
						<subfield code="a">Consensus (sciences sociales)</subfield>
						<subfield code="0">(IDREF)027466264</subfield>
						<subfield code="2">idref</subfield>
					</datafield>
					<datafield ind1=" " ind2="7" tag="650">
						<subfield code="a">Démocratie directe</subfield>
						<subfield code="0">(IDREF)035425652</subfield>
						<subfield code="2">idref</subfield>
					</datafield>
					<datafield ind1=" " ind2="7" tag="651">
						<subfield code="a">Schweiz</subfield>
						<subfield code="0">(DE-588)4053881-3</subfield>
						<subfield code="2">gnd</subfield>
					</datafield>
					<datafield ind1=" " ind2="7" tag="651">
						<subfield code="a">Suisse</subfield>
						<subfield code="0">(IDREF)027249654</subfield>
						<subfield code="2">idref</subfield>
					</datafield>
					<datafield ind1=" " ind2=" " tag="690">
						<subfield code="a">Geheimnis; Forschung; Ausbildung; Konsens; Zahlungsunfähigkeit; Gesetzgebung; Debatte; Faszination; Konzeption; Kunst; Manipulation; Pflege; Verzögerung; öffentlicher Dienst; Schweiz; Islam; Auflage; Besessenheit; Demokratie; Fluch; Gegenseitigkeit; Ohnmacht; Solidarität; Distribution; Psychologie; Rationierung; Reform; Schutz; Vertreibung; Überzeugung; Management; Einvernehmen; Gesundheit; Kapitalisierung; Alter; Drama; Fehler; Rätsel; Straftat; Verbot; Ideologie; Insel; Institution; Kontinent; Politik</subfield>
						<subfield code="2">idssg-J</subfield>
					</datafield>
					<datafield ind1=" " ind2=" " tag="690">
						<subfield code="a">Fuzzygesetzgebung; Humanforschung; Volksdebatte; Wissensdienst; Personalmangel; Psychodrama; Sprachrätsel; Ausbildungserfolg; Gesundheitsversicherung; Kapitalisierungssystem; Problempension; Swissairkatastrophe</subfield>
						<subfield code="2">idssg-J</subfield>
					</datafield>
					<datafield ind1=" " ind2=" " tag="690">
						<subfield code="a">erfolgreiche Übung; weitere Reform; absurde Reform; ausländischer Absolvent; direkte Demokratie; eigentliches Problem; einvernehmlicher Minister; folkloristische Lösung; küstenlose Insel; mangelhafte Distribution; okkulte Rationierung; palliative Gesundheitsversicherung; parasitäre Überzeugung; praktische Übung; rechter Hass; rituelle Vertreibung; schweizer Government; schweizer Islam; ungeplanter Ausbildungserfolg; ungeplante Forschung; ungesichertes Kapitalisierungssystem; unlösbares Problem; unmögliche Aufgabe; unterstützte Fortpflanzung; untrennbares Gewirr; verdorbenes Geschäftsjahr; widersprüchliche Haltung</subfield>
						<subfield code="2">idssg-J</subfield>
					</datafield>
					<datafield ind1=" " ind2=" " tag="690">
						<subfield code="a">Schweiz C4EXSI; Frankreich C4EUFR; Europa C4E</subfield>
						<subfield code="2">idssg-J</subfield>
					</datafield>
					<datafield ind1=" " ind2=" " tag="690">
						<subfield code="a">Jacques Neirynck</subfield>
						<subfield code="2">idssg-J</subfield>
					</datafield>
					<datafield ind1=" " ind2=" " tag="690">
						<subfield code="a">Politisches System</subfield>
						<subfield code="2">ubs-FC</subfield>
					</datafield>
					<datafield ind1="4" ind2=" " tag="856">
						<subfield code="3">Titelblatt und Inhaltsverzeichnis</subfield>
						<subfield code="u">https://toc.library.ethz.ch/objects/pdf03/e19_978-2-88295-815-0_01.pdf</subfield>
						<subfield code="q">pdf</subfield>
					</datafield>
					<datafield ind1=" " ind2=" " tag="900">
						<subfield code="a">IDSZ2zbzmon201903l</subfield>
						<subfield code="c">IDSZ2kobe</subfield>
					</datafield>
					<datafield ind1=" " ind2=" " tag="900">
						<subfield code="a">REROnoselfmerge</subfield>
					</datafield>
					<datafield ind1=" " ind2=" " tag="910">
						<subfield code="a">Renouvaud</subfield>
						<subfield code="b">20190110</subfield>
						<subfield code="c">Réutilisation sous conditions</subfield>
					</datafield>
					<datafield ind1=" " ind2=" " tag="949">
						<subfield code="a">https://toc.library.ethz.ch/objects/pdf03/e19_978-2-88295-815-0_01.pdf</subfield>
					</datafield>
					<datafield ind1=" " ind2=" " tag="990">
						<subfield code="a">CH00149DFFE5F47A5B42DC1258519003C852E</subfield>
						<subfield code="b">iCapture</subfield>
						<subfield code="9">local</subfield>
					</datafield>
					<datafield ind1=" " ind2=" " tag="AVA">
						<subfield code="0">9910629980105506</subfield>
						<subfield code="8">2244655490005506</subfield>
						<subfield code="a">41SLSP_HSG</subfield>
						<subfield code="b">HSG</subfield>
						<subfield code="c">Basement</subfield>
						<subfield code="d">MG 32000 N451</subfield>
						<subfield code="e">unavailable</subfield>
						<subfield code="f">1</subfield>
						<subfield code="g">1</subfield>
						<subfield code="j">UG</subfield>
						<subfield code="k">4</subfield>
						<subfield code="p">1</subfield>
						<subfield code="q">HSG</subfield>
					</datafield>
				</record>
			</recordData>
			<recordIdentifier>9910629980105506</recordIdentifier>
			<recordPosition>64</recordPosition>
		</record>