
		<record>
			<recordSchema>marcxml</recordSchema>
			<recordPacking>xml</recordPacking>
			<recordData>
				<record xmlns="http://www.loc.gov/MARC21/slim">
					<leader>04474nam a2200661 c 4500</leader>
					<controlfield tag="001">9910746860105506</controlfield>
					<controlfield tag="005">20220826185832.0</controlfield>
					<controlfield tag="008">201011s2019    xxu      |||| 000 0 eng|d</controlfield>
					<datafield ind1=" " ind2=" " tag="010">
						<subfield code="a">2019935733</subfield>
					</datafield>
					<datafield ind1=" " ind2=" " tag="015">
						<subfield code="a">GBB9B6947</subfield>
						<subfield code="2">bnb</subfield>
					</datafield>
					<datafield ind1="7" ind2=" " tag="016">
						<subfield code="a">019454045</subfield>
						<subfield code="2">Uk</subfield>
					</datafield>
					<datafield ind1=" " ind2=" " tag="020">
						<subfield code="a">9781598536386</subfield>
						<subfield code="q">hbk.</subfield>
					</datafield>
					<datafield ind1=" " ind2=" " tag="035">
						<subfield code="a">(swissbib)229130356-41slsp_network</subfield>
					</datafield>
					<datafield ind1=" " ind2=" " tag="035">
						<subfield code="a">229130356</subfield>
						<subfield code="9">ExL</subfield>
					</datafield>
					<datafield ind1=" " ind2=" " tag="035">
						<subfield code="a">(IDSBB)007159172DSV01</subfield>
					</datafield>
					<datafield ind1=" " ind2=" " tag="035">
						<subfield code="a">(NEBIS)011584906EBI01</subfield>
					</datafield>
					<datafield ind1=" " ind2=" " tag="035">
						<subfield code="a">(RERO)R008979150-41slsp</subfield>
					</datafield>
					<datafield ind1=" " ind2=" " tag="035">
						<subfield code="a">(IDSSG)001074686HSB01</subfield>
					</datafield>
					<datafield ind1=" " ind2=" " tag="035">
						<subfield code="a">(OCoLC)1108700067</subfield>
					</datafield>
					<datafield ind1=" " ind2=" " tag="035">
						<subfield code="z">(swissbib)005464757-41slsp_network</subfield>
					</datafield>
					<datafield ind1=" " ind2=" " tag="035">
						<subfield code="z">991053268649705501</subfield>
					</datafield>
					<datafield ind1=" " ind2=" " tag="035">
						<subfield code="a">(EXLNZ-41SLSP_NETWORK)991068406299705501</subfield>
					</datafield>
					<datafield ind1=" " ind2=" " tag="040">
						<subfield code="a">CHRRO</subfield>
						<subfield code="b">ger</subfield>
						<subfield code="e">rda</subfield>
						<subfield code="d">CH-ZuSLS</subfield>
					</datafield>
					<datafield ind1=" " ind2=" " tag="042">
						<subfield code="a">pcc</subfield>
					</datafield>
					<datafield ind1=" " ind2="4" tag="050">
						<subfield code="a">PS1212</subfield>
						<subfield code="b">.G47 2019</subfield>
					</datafield>
					<datafield ind1=" " ind2="7" tag="072">
						<subfield code="a">an</subfield>
						<subfield code="2">rero</subfield>
					</datafield>
					<datafield ind1="1" ind2=" " tag="080">
						<subfield code="a">820(73)"17/18"BUR3</subfield>
					</datafield>
					<datafield ind1="0" ind2="4" tag="082">
						<subfield code="a">813/.4</subfield>
						<subfield code="2">23</subfield>
					</datafield>
					<datafield ind1="1" ind2="4" tag="082">
						<subfield code="a">810</subfield>
						<subfield code="2">15</subfield>
					</datafield>
					<datafield ind1=" " ind2=" " tag="084">
						<subfield code="a">HT 4121</subfield>
						<subfield code="2">rvk</subfield>
					</datafield>
					<datafield ind1=" " ind2=" " tag="084">
						<subfield code="a">B</subfield>
						<subfield code="2">sdnb</subfield>
					</datafield>
					<datafield ind1="1" ind2=" " tag="100">
						<subfield code="a">Burnett, Frances Hodgson</subfield>
						<subfield code="d">1849-1924</subfield>
						<subfield code="6">880-02</subfield>
						<subfield code="0">(DE-588)118674986</subfield>
						<subfield code="4">aut</subfield>
					</datafield>
					<datafield ind1="1" ind2=" " tag="880">
						<subfield code="6">100-02/(B</subfield>
						<subfield code="a">Burnett, Frances Hodgson</subfield>
						<subfield code="d">1849-1924</subfield>
						<subfield code="0">(IDREF)026759713</subfield>
						<subfield code="4">aut</subfield>
					</datafield>
					<datafield ind1="1" ind2="0" tag="245">
						<subfield code="a">&lt;&lt;The&gt;&gt; secret garden</subfield>
						<subfield code="b">; A little princess ; Little lord Fauntleroy</subfield>
						<subfield code="c">Frances Hodgson Burnett ; Gretchen Holbrook Gerzina, ed</subfield>
					</datafield>
					<datafield ind1=" " ind2="1" tag="264">
						<subfield code="a">New York</subfield>
						<subfield code="b">The Library of America</subfield>
						<subfield code="c">[2019]</subfield>
					</datafield>
					<datafield ind1=" " ind2="4" tag="264">
						<subfield code="c">© 2019</subfield>
					</datafield>
					<datafield ind1=" " ind2=" " tag="300">
						<subfield code="a">746 Seiten, 20 ungezählte Seiten Tafeln</subfield>
						<subfield code="b">Illustrationen</subfield>
					</datafield>
					<datafield ind1=" " ind2=" " tag="336">
						<subfield code="b">txt</subfield>
						<subfield code="2">rdacontent</subfield>
					</datafield>
					<datafield ind1=" " ind2=" " tag="337">
						<subfield code="b">n</subfield>
						<subfield code="2">rdamedia</subfield>
					</datafield>
					<datafield ind1=" " ind2=" " tag="338">
						<subfield code="b">nc</subfield>
						<subfield code="2">rdacarrier</subfield>
					</datafield>
					<datafield ind1="1" ind2=" " tag="490">
						<subfield code="a">The library of America</subfield>
						<subfield code="v">323</subfield>
					</datafield>
					<datafield ind1="0" ind2=" " tag="505">
						<subfield code="a">Little Lord Fauntleroy -- A little princess -- The secret garden -- Other writings. "How Fauntleroy occurred, and a very real boy became an ideal one" -- "Sara Crewe, or What happened at Miss Minchin's" -- "My Robin"</subfield>
					</datafield>
					<datafield ind1=" " ind2=" " tag="520">
						<subfield code="a">"'You are a story--I am a story.' Introduce to your family or rediscover for yourself three classic children's novels by Frances Hodgson Burnett, an English-born writer who moved to America at age 15 and who now joins the Library of America. This authoritative edition restores the novels to their original American texts, as Burnett wrote them and features over 40 painstakingly restored illustrations--16 in full color--plus a ribbon marker, helpful annotations, and a short chronology of Burnett's life by her biographer Gretchen Gerzina Holbrook. In The Secret Garden (1911), spoiled orphan Mary Lennox is sent to live at her uncle's manor, where she finds an abandoned walled garden. When she decides to restore the garden, she discovers the key to unlocking her own true self. Sara Crewe is the star pupil at her London boarding school in A Little Princess (1905) until news arrives that her father has died penniless. Sara is forced to become a servant, but she stays hopeful by imagining that she is secretly a princess. And in Little Lord Fauntleroy (1886), seven-year-old Cedric Errol lives in New York City and unexpectedly learns that his grandfather is an English earl. The Earl wants to teach Cedric about power and privilege, but little suspects that the innocent young American will completely change his own life. Soon to be a live action Disney movie starring Colin Firth and Julie Walters, The Secret Garden joins A Little Princess and Little Lord Fauntleroy in one deluxe illustrated volume, a perfect gift for young readers or for family libraries."--</subfield>
						<subfield code="c">Provided by publisher</subfield>
					</datafield>
					<datafield ind1=" " ind2="0" tag="650">
						<subfield code="a">Children's stories, American</subfield>
					</datafield>
					<datafield ind1=" " ind2="7" tag="655">
						<subfield code="a">Novels</subfield>
						<subfield code="2">lcgft</subfield>
					</datafield>
					<datafield ind1="1" ind2=" " tag="700">
						<subfield code="6">880-01</subfield>
						<subfield code="a">Gerzina, Gretchen Holbrook</subfield>
						<subfield code="d">1950-</subfield>
						<subfield code="4">edt</subfield>
						<subfield code="0">(DE-588)139098496</subfield>
					</datafield>
					<datafield ind1="1" ind2=" " tag="880">
						<subfield code="6">700-01/(B</subfield>
						<subfield code="a">Gerzina, Gretchen Holbrook</subfield>
						<subfield code="d">19..-....</subfield>
						<subfield code="0">(IDREF)056822413</subfield>
						<subfield code="4">edt</subfield>
					</datafield>
					<datafield ind1="1" ind2="2" tag="700">
						<subfield code="a">Hodgson Burnett, Frances</subfield>
						<subfield code="t">&lt;&lt;A&gt;&gt; little princess</subfield>
					</datafield>
					<datafield ind1="1" ind2="2" tag="700">
						<subfield code="a">Hodgson Burnett, Frances</subfield>
						<subfield code="t">Little Lord Fauntleroy</subfield>
					</datafield>
					<datafield ind1="1" ind2="2" tag="700">
						<subfield code="a">Burnett, Frances Hodgson</subfield>
						<subfield code="d">1849-1924</subfield>
						<subfield code="t">&lt;&lt;The&gt;&gt; secret garden</subfield>
						<subfield code="0">(DE-588)4460067-7</subfield>
					</datafield>
					<datafield ind1="1" ind2="2" tag="700">
						<subfield code="a">Burnett, Frances Hodgson</subfield>
						<subfield code="d">1849-1924</subfield>
						<subfield code="t">&lt;&lt;A&gt;&gt; little princess</subfield>
						<subfield code="0">(DE-588)4465661-0</subfield>
					</datafield>
					<datafield ind1="1" ind2="2" tag="700">
						<subfield code="a">Burnett, Frances Hodgson</subfield>
						<subfield code="d">1849-1924</subfield>
						<subfield code="t">Little Lord Fauntleroy</subfield>
						<subfield code="0">(DE-588)1191837807</subfield>
					</datafield>
					<datafield ind1=" " ind2=" " tag="830">
						<subfield code="a">&lt;&lt;The&gt;&gt; Library of America</subfield>
						<subfield code="v">323</subfield>
						<subfield code="w">(NEBIS)000995376EBI01</subfield>
					</datafield>
					<datafield ind1=" " ind2=" " tag="830">
						<subfield code="a">&lt;&lt;The&gt;&gt; Library of America</subfield>
						<subfield code="v">323</subfield>
						<subfield code="w">(RERO)0507814-41slsp</subfield>
					</datafield>
					<datafield ind1="4" ind2=" " tag="856">
						<subfield code="3">Titelblatt und Inhaltsverzeichnis</subfield>
						<subfield code="u">https://toc.library.ethz.ch/objects/pdf03/z01_978-1-59853-638-6_01.pdf</subfield>
						<subfield code="q">pdf</subfield>
					</datafield>
					<datafield ind1=" " ind2=" " tag="900">
						<subfield code="a">IDSDSStoppsignal FRED</subfield>
					</datafield>
					<datafield ind1=" " ind2=" " tag="900">
						<subfield code="a">IDSZ2zbzmon202006f</subfield>
						<subfield code="c">IDSZ2parz</subfield>
						<subfield code="d">IDSZ2zbzswk202007k</subfield>
						<subfield code="e">IDSZ2trun</subfield>
					</datafield>
					<datafield ind1=" " ind2=" " tag="900">
						<subfield code="a">REROnoselfmerge</subfield>
					</datafield>
					<datafield ind1=" " ind2=" " tag="949">
						<subfield code="a">https://toc.library.ethz.ch/objects/pdf03/z01_978-1-59853-638-6_01.pdf</subfield>
					</datafield>
					<datafield ind1=" " ind2=" " tag="AVA">
						<subfield code="0">9910746860105506</subfield>
						<subfield code="8">2240719110005506</subfield>
						<subfield code="a">41SLSP_HSG</subfield>
						<subfield code="b">HSG</subfield>
						<subfield code="c">Basement</subfield>
						<subfield code="d">HT 4121 B964</subfield>
						<subfield code="e">available</subfield>
						<subfield code="f">1</subfield>
						<subfield code="g">0</subfield>
						<subfield code="j">UG</subfield>
						<subfield code="k">4</subfield>
						<subfield code="p">1</subfield>
						<subfield code="q">HSG</subfield>
					</datafield>
				</record>
			</recordData>
			<recordIdentifier>9910746860105506</recordIdentifier>
			<recordPosition>67</recordPosition>
		</record>