
		<record>
			<recordSchema>marcxml</recordSchema>
			<recordPacking>xml</recordPacking>
			<recordData>
				<record xmlns="http://www.loc.gov/MARC21/slim">
					<leader>01204cam a2200373 i 4500</leader>
					<controlfield tag="001">9911163180905506</controlfield>
					<controlfield tag="005">20230124200838.0</controlfield>
					<controlfield tag="006">m     o  d</controlfield>
					<controlfield tag="007">cr cnu||||||||</controlfield>
					<controlfield tag="008">210710s2021    flua    ob    001 0 eng d</controlfield>
					<datafield ind1=" " ind2=" " tag="020">
						<subfield code="a">1-315-16253-9</subfield>
					</datafield>
					<datafield ind1=" " ind2=" " tag="020">
						<subfield code="a">1-351-66849-8</subfield>
					</datafield>
					<datafield ind1=" " ind2=" " tag="020">
						<subfield code="a">1-351-66850-1</subfield>
					</datafield>
					<datafield ind1=" " ind2=" " tag="035">
						<subfield code="a">(CKB)4100000011778326</subfield>
					</datafield>
					<datafield ind1=" " ind2=" " tag="035">
						<subfield code="a">(MiAaPQ)EBC6483055</subfield>
					</datafield>
					<datafield ind1=" " ind2=" " tag="035">
						<subfield code="a">(EXLCZ)994100000011778326</subfield>
					</datafield>
					<datafield ind1=" " ind2=" " tag="040">
						<subfield code="a">MiAaPQ</subfield>
						<subfield code="b">eng</subfield>
						<subfield code="e">rda</subfield>
						<subfield code="e">pn</subfield>
						<subfield code="c">MiAaPQ</subfield>
						<subfield code="d">UtOrBLW</subfield>
					</datafield>
					<datafield ind1="1" ind2="4" tag="050">
						<subfield code="a">QA76.9.A25</subfield>
						<subfield code="b">.B384 2021</subfield>
					</datafield>
					<datafield ind1="0" ind2="4" tag="082">
						<subfield code="a">005.82</subfield>
						<subfield code="2">23</subfield>
					</datafield>
					<datafield ind1="1" ind2=" " tag="100">
						<subfield code="a">Bauer, Craig P.,</subfield>
						<subfield code="e">author.</subfield>
					</datafield>
					<datafield ind1="1" ind2="0" tag="245">
						<subfield code="a">Secret history :</subfield>
						<subfield code="b">the story of cryptology /</subfield>
						<subfield code="c">Craig P. Bauer.</subfield>
					</datafield>
					<datafield ind1=" " ind2=" " tag="250">
						<subfield code="a">Second edition.</subfield>
					</datafield>
					<datafield ind1=" " ind2="1" tag="264">
						<subfield code="a">Boca Raton, Florida ;</subfield>
						<subfield code="a">London, England :</subfield>
						<subfield code="b">CRC Press,</subfield>
						<subfield code="c">[2021]</subfield>
					</datafield>
					<datafield ind1=" " ind2="4" tag="264">
						<subfield code="c">©2021</subfield>
					</datafield>
					<datafield ind1=" " ind2=" " tag="300">
						<subfield code="a">1 online resource (641 pages) :</subfield>
						<subfield code="b">illustrations</subfield>
					</datafield>
					<datafield ind1=" " ind2=" " tag="336">
						<subfield code="a">text</subfield>
						<subfield code="b">txt</subfield>
						<subfield code="2">rdacontent</subfield>
					</datafield>
					<datafield ind1=" " ind2=" " tag="337">
						<subfield code="a">computer</subfield>
						<subfield code="b">c</subfield>
						<subfield code="2">rdamedia</subfield>
					</datafield>
					<datafield ind1=" " ind2=" " tag="338">
						<subfield code="a">online resource</subfield>
						<subfield code="b">cr</subfield>
						<subfield code="2">rdacarrier</subfield>
					</datafield>
					<datafield ind1=" " ind2=" " tag="504">
						<subfield code="a">Includes bibliographical references and index.</subfield>
					</datafield>
					<datafield ind1=" " ind2=" " tag="588">
						<subfield code="a">Description based on print version record.</subfield>
					</datafield>
					<datafield ind1=" " ind2="0" tag="650">
						<subfield code="a">Data encryption (Computer science)</subfield>
					</datafield>
					<datafield ind1=" " ind2="0" tag="650">
						<subfield code="a">Computer security.</subfield>
					</datafield>
					<datafield ind1=" " ind2=" " tag="776">
						<subfield code="z">1-138-06123-9</subfield>
					</datafield>
					<datafield ind1="2" ind2=" " tag="797">
						<subfield code="a">ebrary</subfield>
					</datafield>
					<datafield ind1=" " ind2=" " tag="906">
						<subfield code="a">BOOK</subfield>
					</datafield>
					<datafield ind1=" " ind2=" " tag="AVE">
						<subfield code="8">5372487850005506</subfield>
						<subfield code="c">6164319640005506</subfield>
						<subfield code="e">Available</subfield>
						<subfield code="m">Ebook Central Perpetual, DDA and Subscription Titles</subfield>
						<subfield code="t">Ebook Central</subfield>
						<subfield code="a">41SLSP_HSG</subfield>
						<subfield code="0">9911163180905506</subfield>
					</datafield>
				</record>
			</recordData>
			<recordIdentifier>9911163180905506</recordIdentifier>
			<recordPosition>68</recordPosition>
		</record>