
		<record>
			<recordSchema>marcxml</recordSchema>
			<recordPacking>xml</recordPacking>
			<recordData>
				<record xmlns="http://www.loc.gov/MARC21/slim">
					<leader>03491cam  22032763u 4500</leader>
					<controlfield tag="001">9911248730405506</controlfield>
					<controlfield tag="008">220128s2021||||||||||||o|||||||||||engsd</controlfield>
					<datafield ind1=" " ind2=" " tag="035">
						<subfield code="a">(CKB)5410000000490462</subfield>
					</datafield>
					<datafield ind1=" " ind2=" " tag="035">
						<subfield code="a">(UtSlPG)66181</subfield>
					</datafield>
					<datafield ind1=" " ind2=" " tag="035">
						<subfield code="a">(EXLCZ)995410000000490462</subfield>
					</datafield>
					<datafield ind1=" " ind2=" " tag="040">
						<subfield code="a">UtSlPG</subfield>
						<subfield code="b">eng</subfield>
						<subfield code="c">IL-JeEL</subfield>
					</datafield>
					<datafield ind1=" " ind2=" " tag="041">
						<subfield code="a">eng</subfield>
					</datafield>
					<datafield ind1=" " ind2=" " tag="100">
						<subfield code="a">Upward, Allen</subfield>
						<subfield code="d">1863-1926</subfield>
						<subfield code="e">Author</subfield>
					</datafield>
					<datafield ind1="1" ind2="0" tag="245">
						<subfield code="a">Secret History of To-day: Being Revelations of a Diplomatic Spy</subfield>
					</datafield>
					<datafield ind1=" " ind2=" " tag="246">
						<subfield code="a">Secret History of To-day</subfield>
					</datafield>
					<datafield ind1=" " ind2=" " tag="246">
						<subfield code="a">Secret History of Today: Being Revelations of a Diplomatic Spy</subfield>
					</datafield>
					<datafield ind1=" " ind2=" " tag="260">
						<subfield code="b">Project Gutenberg</subfield>
					</datafield>
					<datafield ind1=" " ind2=" " tag="505">
						<subfield code="a">The telegram which began the Boer War -- The blowing up of the 'Maine' -- The mystery of Captain Dreyfus -- What was behind the Tsar's peace rescript -- Who really killed King Humbert? -- The peril of Norway -- The ruse of the Dowager Empress -- The abdication of Francis-Joseph -- The death of Queen Draga -- The policy of Edward VII -- The Humbert millions -- The Black Pope.</subfield>
					</datafield>
					<datafield ind1=" " ind2=" " tag="542">
						<subfield code="f">Public domain in the USA.</subfield>
						<subfield code="k">Project Gutenberg</subfield>
						<subfield code="i">2021-08-30</subfield>
					</datafield>
					<datafield ind1="1" ind2="4" tag="650">
						<subfield code="a">Spy stories</subfield>
						<subfield code="a">English</subfield>
					</datafield>
					<datafield ind1=" " ind2=" " tag="700">
						<subfield code="a">Dewar, W.</subfield>
						<subfield code="e">Illustrator</subfield>
					</datafield>
					<datafield ind1=" " ind2=" " tag="906">
						<subfield code="a">BOOK</subfield>
					</datafield>
					<datafield ind1=" " ind2=" " tag="AVE">
						<subfield code="8">5379631780005506</subfield>
						<subfield code="c">6165459860005506</subfield>
						<subfield code="e">Available</subfield>
						<subfield code="m">Project Gutenberg Online Catalog</subfield>
						<subfield code="t">Project Gutenberg</subfield>
						<subfield code="a">41SLSP_HSG</subfield>
						<subfield code="0">9911248730405506</subfield>
					</datafield>
				</record>
			</recordData>
			<recordIdentifier>9911248730405506</recordIdentifier>
			<recordPosition>69</recordPosition>
		</record>