
		<record>
			<recordSchema>marcxml</recordSchema>
			<recordPacking>xml</recordPacking>
			<recordData>
				<record xmlns="http://www.loc.gov/MARC21/slim">
					<leader>03725nam a2200661 c 4500</leader>
					<controlfield tag="001">9910853500105506</controlfield>
					<controlfield tag="005">20230227194247.0</controlfield>
					<controlfield tag="008">201011s2020    xxca     b    001 0 eng||</controlfield>
					<datafield ind1=" " ind2=" " tag="015">
						<subfield code="a">20190235195</subfield>
						<subfield code="2">can</subfield>
					</datafield>
					<datafield ind1=" " ind2=" " tag="020">
						<subfield code="a">0228000823</subfield>
						<subfield code="q">paperback</subfield>
					</datafield>
					<datafield ind1=" " ind2=" " tag="020">
						<subfield code="a">9780228000815</subfield>
						<subfield code="q">hardcover</subfield>
					</datafield>
					<datafield ind1=" " ind2=" " tag="020">
						<subfield code="a">0228000815</subfield>
						<subfield code="q">hardcover</subfield>
					</datafield>
					<datafield ind1=" " ind2=" " tag="020">
						<subfield code="a">9780228000822</subfield>
						<subfield code="q">paperback</subfield>
					</datafield>
					<datafield ind1=" " ind2=" " tag="035">
						<subfield code="a">(swissbib)229140203-41slsp_network</subfield>
					</datafield>
					<datafield ind1=" " ind2=" " tag="035">
						<subfield code="a">229140203</subfield>
						<subfield code="9">ExL</subfield>
					</datafield>
					<datafield ind1=" " ind2=" " tag="035">
						<subfield code="a">(IDSSG)001085350HSB01</subfield>
					</datafield>
					<datafield ind1=" " ind2=" " tag="035">
						<subfield code="a">(IDSBB)007210530DSV01</subfield>
					</datafield>
					<datafield ind1=" " ind2=" " tag="035">
						<subfield code="a">(RERO)R008997919-41slsp</subfield>
					</datafield>
					<datafield ind1=" " ind2=" " tag="035">
						<subfield code="a">(OCoLC)1126214396</subfield>
						<subfield code="z">(OCoLC)1126212372</subfield>
					</datafield>
					<datafield ind1=" " ind2=" " tag="035">
						<subfield code="a">(EXLNZ-41SLSP_NETWORK)991149308099705501</subfield>
					</datafield>
					<datafield ind1=" " ind2=" " tag="040">
						<subfield code="a">NLC</subfield>
						<subfield code="b">ger</subfield>
						<subfield code="e">rda</subfield>
						<subfield code="d">CH-ZuSLS</subfield>
					</datafield>
					<datafield ind1="0" ind2=" " tag="041">
						<subfield code="a">eng</subfield>
					</datafield>
					<datafield ind1=" " ind2=" " tag="042">
						<subfield code="a">lac</subfield>
					</datafield>
					<datafield ind1=" " ind2=" " tag="043">
						<subfield code="a">e-uk---</subfield>
					</datafield>
					<datafield ind1="0" ind2="0" tag="050">
						<subfield code="a">UB251.G7</subfield>
						<subfield code="b">B35 2020</subfield>
					</datafield>
					<datafield ind1=" " ind2="0" tag="055">
						<subfield code="a">UB251.G7</subfield>
						<subfield code="b">B35 2020</subfield>
					</datafield>
					<datafield ind1=" " ind2="7" tag="072">
						<subfield code="a">ht</subfield>
						<subfield code="2">rero</subfield>
					</datafield>
					<datafield ind1=" " ind2="7" tag="072">
						<subfield code="a">160</subfield>
						<subfield code="2">IDS LU</subfield>
					</datafield>
					<datafield ind1=" " ind2="7" tag="072">
						<subfield code="a">630</subfield>
						<subfield code="2">IDS LU</subfield>
					</datafield>
					<datafield ind1="7" ind2="4" tag="082">
						<subfield code="a">355</subfield>
						<subfield code="2">23sdnb</subfield>
					</datafield>
					<datafield ind1="7" ind2="4" tag="082">
						<subfield code="a">940</subfield>
						<subfield code="2">23sdnb</subfield>
					</datafield>
					<datafield ind1=" " ind2=" " tag="084">
						<subfield code="a">cci1icc</subfield>
						<subfield code="2">lacc</subfield>
					</datafield>
					<datafield ind1=" " ind2=" " tag="084">
						<subfield code="a">MG 42950</subfield>
						<subfield code="2">rvk</subfield>
					</datafield>
					<datafield ind1=" " ind2=" " tag="084">
						<subfield code="a">NQ 3200</subfield>
						<subfield code="2">rvk</subfield>
					</datafield>
					<datafield ind1="1" ind2=" " tag="100">
						<subfield code="6">880-01</subfield>
						<subfield code="a">Ball, S. J.</subfield>
						<subfield code="d">1965-</subfield>
						<subfield code="e">Verfasser</subfield>
						<subfield code="4">aut</subfield>
						<subfield code="0">(DE-588)108981240X</subfield>
					</datafield>
					<datafield ind1="1" ind2=" " tag="880">
						<subfield code="6">100-01/(B</subfield>
						<subfield code="a">Ball, Simon J.</subfield>
						<subfield code="0">(IDREF)050449575</subfield>
						<subfield code="4">aut</subfield>
					</datafield>
					<datafield ind1="1" ind2="0" tag="245">
						<subfield code="a">Secret history</subfield>
						<subfield code="b">writing the rise of Britain's intelligence services</subfield>
						<subfield code="c">Simon Ball</subfield>
					</datafield>
					<datafield ind1=" " ind2="1" tag="264">
						<subfield code="a">Montreal</subfield>
						<subfield code="a">Kingston</subfield>
						<subfield code="a">London</subfield>
						<subfield code="a">Chicago</subfield>
						<subfield code="b">McGill-Queen's University Press</subfield>
						<subfield code="c">[2020]</subfield>
					</datafield>
					<datafield ind1=" " ind2="4" tag="264">
						<subfield code="c">© 2020</subfield>
					</datafield>
					<datafield ind1=" " ind2=" " tag="300">
						<subfield code="a">xiii, 264 Seiten</subfield>
						<subfield code="b">Illustrationen</subfield>
						<subfield code="c">23 cm</subfield>
					</datafield>
					<datafield ind1=" " ind2=" " tag="336">
						<subfield code="b">txt</subfield>
						<subfield code="2">rdacontent</subfield>
					</datafield>
					<datafield ind1=" " ind2=" " tag="337">
						<subfield code="b">n</subfield>
						<subfield code="2">rdamedia</subfield>
					</datafield>
					<datafield ind1=" " ind2=" " tag="338">
						<subfield code="b">nc</subfield>
						<subfield code="2">rdacarrier</subfield>
					</datafield>
					<datafield ind1=" " ind2=" " tag="504">
						<subfield code="a">Includes bibliographical references and index</subfield>
					</datafield>
					<datafield ind1=" " ind2=" " tag="520">
						<subfield code="a">"As John le Carré's fictional intelligence men admit, it was the case histories--constructed narratives serving shifting agendas--that shaped the British intelligence machine, rather than their personal experience of secret operations. Secret History demonstrates that a critical scrutiny of internal 'after action' assessments of intelligence prepared by British officials provides an invaluable and original perspective on the emergence of British intelligence culture over a period stretching from the First World War to the early Cold War. The historical record reflects personal value judgments about what qualified as effective techniques and organization, and even who could rightfully be called an intelligence officer. The history of intelligence thus became a powerful form of self-reinforcing cultural capital. Shining an intense light on the history of Britain's intelligence organizations, Secret History excavates how contemporary myths, misperceptions, and misunderstandings were captured and how they affected the development of British intelligence and the state."--</subfield>
						<subfield code="c">Provided by publisher</subfield>
					</datafield>
					<datafield ind1=" " ind2="7" tag="648">
						<subfield code="a">Geschichte 1917-1960</subfield>
						<subfield code="2">gnd</subfield>
					</datafield>
					<datafield ind1=" " ind2="7" tag="650">
						<subfield code="a">Geheimdienst</subfield>
						<subfield code="0">(DE-588)4019737-2</subfield>
						<subfield code="2">gnd</subfield>
					</datafield>
					<datafield ind1=" " ind2="7" tag="650">
						<subfield code="a">Services de renseignements</subfield>
						<subfield code="0">(IDREF)027825612</subfield>
						<subfield code="2">idref</subfield>
					</datafield>
					<datafield ind1=" " ind2="7" tag="650">
						<subfield code="a">20e siècle</subfield>
						<subfield code="0">(IDREF)086305646</subfield>
						<subfield code="2">idref</subfield>
					</datafield>
					<datafield ind1=" " ind2="0" tag="650">
						<subfield code="a">Intelligence service</subfield>
						<subfield code="z">Great Britain</subfield>
						<subfield code="x">History</subfield>
						<subfield code="y">20th century</subfield>
					</datafield>
					<datafield ind1=" " ind2="7" tag="651">
						<subfield code="a">Großbritannien</subfield>
						<subfield code="0">(DE-588)4022153-2</subfield>
						<subfield code="2">gnd</subfield>
					</datafield>
					<datafield ind1=" " ind2="7" tag="651">
						<subfield code="a">Grande-Bretagne</subfield>
						<subfield code="0">(IDREF)027228231</subfield>
						<subfield code="2">idref</subfield>
					</datafield>
					<datafield ind1="0" ind2="8" tag="775">
						<subfield code="i">Online version</subfield>
						<subfield code="a">Ball, S. J. (Simon J.)</subfield>
						<subfield code="t">Secret history</subfield>
						<subfield code="d">Montreal ; Kingston ; London ; Chicago : McGill-Queen's University Press, 2020</subfield>
						<subfield code="z">0228002206</subfield>
						<subfield code="z">9780228002208</subfield>
					</datafield>
					<datafield ind1="0" ind2="8" tag="776">
						<subfield code="i">Online version</subfield>
						<subfield code="a">Ball, S. J. (Simon J.)</subfield>
						<subfield code="t">Secret history</subfield>
						<subfield code="d">Montreal ; Kingston ; London ; Chicago : McGill-Queen's University Press, 2020</subfield>
						<subfield code="z">0228002206</subfield>
					</datafield>
					<datafield ind1="4" ind2="2" tag="856">
						<subfield code="3">Inhaltsverzeichnis</subfield>
						<subfield code="q">PDF</subfield>
						<subfield code="u">https://urn.ub.unibe.ch/urn:ch:slsp:9780228000822:ihv:pdf</subfield>
					</datafield>
					<datafield ind1=" " ind2=" " tag="900">
						<subfield code="a">REROnoselfmerge</subfield>
					</datafield>
					<datafield ind1=" " ind2=" " tag="900">
						<subfield code="a">Stoppsignal FRED</subfield>
						<subfield code="x">RZS/LUUHL/202112</subfield>
					</datafield>
					<datafield ind1=" " ind2=" " tag="900">
						<subfield code="a">OK_GND</subfield>
						<subfield code="x">RZS/LUUHL/202112/geda</subfield>
					</datafield>
					<datafield ind1=" " ind2=" " tag="949">
						<subfield code="a">https://urn.ub.unibe.ch/urn:ch:slsp:9780228000822:ihv:pdf</subfield>
					</datafield>
					<datafield ind1=" " ind2=" " tag="AVA">
						<subfield code="0">9910853500105506</subfield>
						<subfield code="8">2245548360005506</subfield>
						<subfield code="a">41SLSP_HSG</subfield>
						<subfield code="b">HSG</subfield>
						<subfield code="c">Basement</subfield>
						<subfield code="d">MG 42950 B187</subfield>
						<subfield code="e">available</subfield>
						<subfield code="f">1</subfield>
						<subfield code="g">0</subfield>
						<subfield code="j">UG</subfield>
						<subfield code="k">4</subfield>
						<subfield code="p">1</subfield>
						<subfield code="q">HSG</subfield>
					</datafield>
				</record>
			</recordData>
			<recordIdentifier>9910853500105506</recordIdentifier>
			<recordPosition>70</recordPosition>
		</record>