
		<record>
			<recordSchema>marcxml</recordSchema>
			<recordPacking>xml</recordPacking>
			<recordData>
				<record xmlns="http://www.loc.gov/MARC21/slim">
					<leader>03376nam a22004698c 4500</leader>
					<controlfield tag="001">9911408571605506</controlfield>
					<controlfield tag="005">20230621052729.0</controlfield>
					<controlfield tag="008">220922s2023    cauad    b    001 0 eng^^</controlfield>
					<datafield ind1=" " ind2=" " tag="010">
						<subfield code="a">2022046083</subfield>
					</datafield>
					<datafield ind1=" " ind2=" " tag="020">
						<subfield code="a">9781503628892</subfield>
						<subfield code="q">hardcover</subfield>
					</datafield>
					<datafield ind1=" " ind2=" " tag="020">
						<subfield code="a">1503628892</subfield>
						<subfield code="q">hardcover</subfield>
					</datafield>
					<datafield ind1=" " ind2=" " tag="035">
						<subfield code="a">(OCoLC)1336702414</subfield>
					</datafield>
					<datafield ind1=" " ind2=" " tag="035">
						<subfield code="a">(EXLNZ-41SLSP_NETWORK)991171219809105501</subfield>
					</datafield>
					<datafield ind1=" " ind2=" " tag="040">
						<subfield code="a">CSt/DLC</subfield>
						<subfield code="b">eng</subfield>
						<subfield code="e">rda</subfield>
						<subfield code="c">DLC</subfield>
						<subfield code="d">OCLCF</subfield>
						<subfield code="d">CH-ZuSLS HSG</subfield>
					</datafield>
					<datafield ind1=" " ind2=" " tag="043">
						<subfield code="a">e-ur---</subfield>
					</datafield>
					<datafield ind1="0" ind2="0" tag="050">
						<subfield code="a">JN6529.S4</subfield>
						<subfield code="b">H38 2023</subfield>
					</datafield>
					<datafield ind1="0" ind2="0" tag="082">
						<subfield code="a">352.3/790947</subfield>
						<subfield code="2">23/eng</subfield>
					</datafield>
					<datafield ind1="0" ind2=" " tag="082">
						<subfield code="a">327.1247009</subfield>
						<subfield code="2">23/eng/20221118</subfield>
					</datafield>
					<datafield ind1=" " ind2=" " tag="084">
						<subfield code="a">KK 1040</subfield>
						<subfield code="2">rvk</subfield>
					</datafield>
					<datafield ind1=" " ind2=" " tag="084">
						<subfield code="a">MG 85950</subfield>
						<subfield code="2">rvk</subfield>
					</datafield>
					<datafield ind1=" " ind2=" " tag="084">
						<subfield code="a">NQ 8294</subfield>
						<subfield code="2">rvk</subfield>
					</datafield>
					<datafield ind1="1" ind2=" " tag="100">
						<subfield code="a">Harrison, Mark</subfield>
						<subfield code="d">1949-</subfield>
						<subfield code="4">aut</subfield>
						<subfield code="0">(DE-588)129246549</subfield>
					</datafield>
					<datafield ind1="1" ind2="0" tag="245">
						<subfield code="a">Secret Leviathan</subfield>
						<subfield code="b">secrecy and state capacity under Soviet communism</subfield>
						<subfield code="c">Mark Harrison</subfield>
					</datafield>
					<datafield ind1=" " ind2="1" tag="264">
						<subfield code="a">Stanford, CA</subfield>
						<subfield code="b">Hoover Institution</subfield>
						<subfield code="b">Stanford University Press</subfield>
						<subfield code="c">[2023]</subfield>
					</datafield>
					<datafield ind1=" " ind2="4" tag="264">
						<subfield code="c">© 2023</subfield>
					</datafield>
					<datafield ind1=" " ind2=" " tag="300">
						<subfield code="a">xxv, 341 pages</subfield>
						<subfield code="b">tables, charts</subfield>
						<subfield code="c">24 cm</subfield>
					</datafield>
					<datafield ind1=" " ind2=" " tag="336">
						<subfield code="b">txt</subfield>
						<subfield code="2">rdacontent</subfield>
					</datafield>
					<datafield ind1=" " ind2=" " tag="337">
						<subfield code="b">n</subfield>
						<subfield code="2">rdamedia</subfield>
					</datafield>
					<datafield ind1=" " ind2=" " tag="338">
						<subfield code="b">nc</subfield>
						<subfield code="2">rdacarrier</subfield>
					</datafield>
					<datafield ind1="0" ind2=" " tag="490">
						<subfield code="a">Stanford-Hoover series on authoritarianism</subfield>
					</datafield>
					<datafield ind1=" " ind2=" " tag="504">
						<subfield code="a">Includes bibliographical references and index</subfield>
					</datafield>
					<datafield ind1="0" ind2=" " tag="505">
						<subfield code="a">Secret Leviathan -- The secrecy/capacity tradeoff -- The secrecy tax -- Secrecy and fear -- Secret policing and discrimination -- Secret policing and mistrust -- Secrecy and the uninformed elite -- Secrecy and twenty-first century authoritarianism</subfield>
					</datafield>
					<datafield ind1=" " ind2=" " tag="520">
						<subfield code="a">"The Soviet Union was one of the most secretive states that ever existed. Defended by a complex apparatus of rules and checks administered by the secret police, the Soviet state had seemingly unprecedented capabilities based on its near monopoly of productive capital, monolithic authority, and secretive decision making. But behind the scenes, Soviet secrecy was double-edged: it raised transaction costs, incentivized indecision, compromised the effectiveness of government officials, eroded citizens' trust in institutions and in each other, and led to a secretive society and an uninformed elite. The result is what this book calls the secrecy/capacity tradeoff: a bargain in which the Soviet state accepted the reduction of state capacity as the cost of ensuring its own survival. This book is the first comprehensive, analytical, multi-faceted history of Soviet secrecy in the English language. Harrison combines quantitative and qualitative evidence to evaluate the impact of secrecy on Soviet state capacity from the 1917 Bolshevik Revolution to the collapse of the Soviet Union in 1991. Based on multiple years of research in once-secret Soviet-era archives, this book addresses two gaps in history and social science: one the core role of secrecy in building and stabilizing the communist states of the twentieth century; the other the corrosive effects of secrecy on the capabilities of authoritarian states."--</subfield>
						<subfield code="c">Provided by publisher</subfield>
					</datafield>
					<datafield ind1=" " ind2="7" tag="648">
						<subfield code="a">Geschichte 1917-1991</subfield>
						<subfield code="2">gnd</subfield>
					</datafield>
					<datafield ind1=" " ind2="0" tag="650">
						<subfield code="a">Intelligence service</subfield>
						<subfield code="z">Soviet Union</subfield>
						<subfield code="x">History</subfield>
					</datafield>
					<datafield ind1=" " ind2="0" tag="650">
						<subfield code="a">Official secrets</subfield>
						<subfield code="z">Soviet Union</subfield>
						<subfield code="x">History</subfield>
					</datafield>
					<datafield ind1=" " ind2="0" tag="650">
						<subfield code="a">Secrecy</subfield>
						<subfield code="x">Political aspects</subfield>
						<subfield code="z">Soviet Union</subfield>
						<subfield code="x">History</subfield>
					</datafield>
					<datafield ind1=" " ind2="7" tag="650">
						<subfield code="a">Autoritärer Staat</subfield>
						<subfield code="0">(DE-588)4256521-2</subfield>
						<subfield code="2">gnd</subfield>
					</datafield>
					<datafield ind1=" " ind2="7" tag="650">
						<subfield code="a">Geheimdienst</subfield>
						<subfield code="0">(DE-588)4019737-2</subfield>
						<subfield code="2">gnd</subfield>
					</datafield>
					<datafield ind1=" " ind2="7" tag="650">
						<subfield code="a">Staatsgeheimnis</subfield>
						<subfield code="0">(DE-588)4182648-6</subfield>
						<subfield code="2">gnd</subfield>
					</datafield>
					<datafield ind1=" " ind2="0" tag="651">
						<subfield code="a">Soviet Union</subfield>
						<subfield code="x">Politics and government</subfield>
					</datafield>
					<datafield ind1=" " ind2="7" tag="651">
						<subfield code="a">Sowjetunion</subfield>
						<subfield code="0">(DE-588)4077548-3</subfield>
						<subfield code="2">gnd</subfield>
					</datafield>
					<datafield ind1="0" ind2="8" tag="776">
						<subfield code="i">ebook version</subfield>
						<subfield code="z">9781503635845</subfield>
					</datafield>
					<datafield ind1=" " ind2=" " tag="AVA">
						<subfield code="0">9911408571605506</subfield>
						<subfield code="8">2298782190005506</subfield>
						<subfield code="a">41SLSP_HSG</subfield>
						<subfield code="b">HSG</subfield>
						<subfield code="c">.</subfield>
						<subfield code="e">unavailable</subfield>
						<subfield code="f">1</subfield>
						<subfield code="g">1</subfield>
						<subfield code="j">UNASSIGNED</subfield>
						<subfield code="k">4</subfield>
						<subfield code="p">1</subfield>
						<subfield code="q">HSG</subfield>
					</datafield>
				</record>
			</recordData>
			<recordIdentifier>9911408571605506</recordIdentifier>
			<recordPosition>72</recordPosition>
		</record>