
		<record>
			<recordSchema>marcxml</recordSchema>
			<recordPacking>xml</recordPacking>
			<recordData>
				<record xmlns="http://www.loc.gov/MARC21/slim">
					<leader>04135cam a2200565 i 4500</leader>
					<controlfield tag="001">9911350112005506</controlfield>
					<controlfield tag="005">20210128030621.0</controlfield>
					<controlfield tag="006">m     o  d</controlfield>
					<controlfield tag="007">cr |||||||||||</controlfield>
					<controlfield tag="008">200618t20212021nyua    ob    001 0 eng^^</controlfield>
					<datafield ind1=" " ind2=" " tag="020">
						<subfield code="a">1-00-300566-7</subfield>
					</datafield>
					<datafield ind1=" " ind2=" " tag="020">
						<subfield code="a">1-003-00566-7</subfield>
					</datafield>
					<datafield ind1=" " ind2=" " tag="020">
						<subfield code="a">1-000-20866-4</subfield>
					</datafield>
					<datafield ind1=" " ind2=" " tag="020">
						<subfield code="a">1-000-20872-9</subfield>
					</datafield>
					<datafield ind1="7" ind2=" " tag="024">
						<subfield code="a">10.4324/9781003005667</subfield>
						<subfield code="2">doi</subfield>
					</datafield>
					<datafield ind1=" " ind2=" " tag="035">
						<subfield code="a">(CKB)4100000011436464</subfield>
					</datafield>
					<datafield ind1=" " ind2=" " tag="035">
						<subfield code="a">(MiAaPQ)EBC6340959</subfield>
					</datafield>
					<datafield ind1=" " ind2=" " tag="035">
						<subfield code="a">(OCoLC)1161997196</subfield>
					</datafield>
					<datafield ind1=" " ind2=" " tag="035">
						<subfield code="a">(OCoLC-P)1161997196</subfield>
					</datafield>
					<datafield ind1=" " ind2=" " tag="035">
						<subfield code="a">(FlBoTFG)9781003005667</subfield>
					</datafield>
					<datafield ind1=" " ind2=" " tag="035">
						<subfield code="a">(EXLCZ)994100000011436464</subfield>
					</datafield>
					<datafield ind1=" " ind2=" " tag="040">
						<subfield code="a">OCoLC-P</subfield>
						<subfield code="b">eng</subfield>
						<subfield code="e">rda</subfield>
						<subfield code="c">OCoLC-P</subfield>
					</datafield>
					<datafield ind1=" " ind2=" " tag="043">
						<subfield code="a">e-sp---</subfield>
					</datafield>
					<datafield ind1=" " ind2="4" tag="050">
						<subfield code="a">LC201.7.S7</subfield>
						<subfield code="b">.B563 2021</subfield>
					</datafield>
					<datafield ind1=" " ind2="7" tag="072">
						<subfield code="a">EDU</subfield>
						<subfield code="x">015000</subfield>
						<subfield code="2">bisacsh</subfield>
					</datafield>
					<datafield ind1=" " ind2="7" tag="072">
						<subfield code="a">EDU</subfield>
						<subfield code="x">005000</subfield>
						<subfield code="2">bisacsh</subfield>
					</datafield>
					<datafield ind1=" " ind2="7" tag="072">
						<subfield code="a">FOR</subfield>
						<subfield code="x">007000</subfield>
						<subfield code="2">bisacsh</subfield>
					</datafield>
					<datafield ind1=" " ind2="7" tag="072">
						<subfield code="a">JNT</subfield>
						<subfield code="2">bicssc</subfield>
					</datafield>
					<datafield ind1="0" ind2=" " tag="082">
						<subfield code="a">428.00711</subfield>
						<subfield code="2">23</subfield>
					</datafield>
					<datafield ind1="0" ind2="4" tag="245">
						<subfield code="a">The secret life of English-medium instruction in higher education :</subfield>
						<subfield code="b">examining microphenomena in context /</subfield>
						<subfield code="c">edited by David Block and Sarah Khan.</subfield>
					</datafield>
					<datafield ind1=" " ind2="1" tag="264">
						<subfield code="a">Abingdon, Oxon ;</subfield>
						<subfield code="a">New York, NY :</subfield>
						<subfield code="b">Routledge,</subfield>
						<subfield code="c">2021.</subfield>
					</datafield>
					<datafield ind1=" " ind2="4" tag="264">
						<subfield code="c">©2021</subfield>
					</datafield>
					<datafield ind1=" " ind2=" " tag="300">
						<subfield code="a">1 online resource (149 pages) :</subfield>
						<subfield code="b">illustrations</subfield>
					</datafield>
					<datafield ind1=" " ind2=" " tag="336">
						<subfield code="a">text</subfield>
						<subfield code="b">txt</subfield>
						<subfield code="2">rdacontent</subfield>
					</datafield>
					<datafield ind1=" " ind2=" " tag="337">
						<subfield code="a">computer</subfield>
						<subfield code="b">c</subfield>
						<subfield code="2">rdamedia</subfield>
					</datafield>
					<datafield ind1=" " ind2=" " tag="338">
						<subfield code="a">online resource</subfield>
						<subfield code="b">cr</subfield>
						<subfield code="2">rdacarrier</subfield>
					</datafield>
					<datafield ind1="1" ind2=" " tag="490">
						<subfield code="a">Routledge focus on English-medium instruction in higher education</subfield>
					</datafield>
					<datafield ind1=" " ind2=" " tag="588">
						<subfield code="a">Description based on print version record.</subfield>
					</datafield>
					<datafield ind1=" " ind2=" " tag="500">
						<subfield code="a">Includes index.</subfield>
					</datafield>
					<datafield ind1=" " ind2=" " tag="520">
						<subfield code="a">"This volume explores the inner-workings of English-medium instruction (EMI) in higher education (HE) at two universities. After an introductory chapter that sets the scene and provides essential background, there are four empirically based chapters that draw on data collected from a range of sources at two universities in Catalonia, including interviews, audio/video recordings of classes, audio logs produced by both lecturers and students, policy documents, students' written work and student presentation evaluation rubrics. These chapters examine the following issues: (1) the choice of either English or Catalan as the medium of instruction by students and lecturers; (2) how students display ambivalence towards EMI, as well as a general lack of enthusiasm towards and an ironic distance from 'doing education'; (3) how students resist EMI by contravening its English monolingual norm, using their L1s in the classroom; and finally, (4) how EMI lecturers on occasion act as English language teachers despite their continued claims to the contrary. The book ends with a concluding chapter that draws all of the strands together around key themes. This book is written for scholars interested in issues surrounding EMI in HE in general, as well as those EMI in HE practitioners who have adopted a reflective approach to their professional practice and wish to know more about the ins and outs of EMI in HE from multiple perspectives. It is a useful resource for MA and PhD students of applied linguistics programmes in which the role and uses of English in higher education worldwide are deemed to be important and worthy of attention. Additionally, this will be relevant to courses or modules focusing on language policy, as well as curriculum issues more broadly and language teaching practice more specifically"--</subfield>
						<subfield code="c">Provided by publisher.</subfield>
					</datafield>
					<datafield ind1=" " ind2="0" tag="650">
						<subfield code="a">Native language and education</subfield>
						<subfield code="z">Spain</subfield>
						<subfield code="z">Catalonia</subfield>
						<subfield code="v">Case studies.</subfield>
					</datafield>
					<datafield ind1=" " ind2="0" tag="650">
						<subfield code="a">English-medium instruction</subfield>
						<subfield code="z">Spain</subfield>
						<subfield code="z">Catalonia</subfield>
						<subfield code="v">Case studies.</subfield>
					</datafield>
					<datafield ind1=" " ind2=" " tag="776">
						<subfield code="z">0-367-43772-4</subfield>
					</datafield>
					<datafield ind1="1" ind2=" " tag="700">
						<subfield code="a">Block, David,</subfield>
						<subfield code="e">editor.</subfield>
					</datafield>
					<datafield ind1="1" ind2=" " tag="700">
						<subfield code="a">Khan, Sarah,</subfield>
						<subfield code="e">editor.</subfield>
					</datafield>
					<datafield ind1=" " ind2=" " tag="906">
						<subfield code="a">BOOK</subfield>
					</datafield>
					<datafield ind1=" " ind2=" " tag="AVE">
						<subfield code="8">5390194300005506</subfield>
						<subfield code="c">6176611040005506</subfield>
						<subfield code="e">Available</subfield>
						<subfield code="m">Taylor &amp; Francis eBooks EBS</subfield>
						<subfield code="a">41SLSP_HSG</subfield>
						<subfield code="0">9911350112005506</subfield>
					</datafield>
				</record>
			</recordData>
			<recordIdentifier>9911350112005506</recordIdentifier>
			<recordPosition>73</recordPosition>
		</record>