
		<record>
			<recordSchema>marcxml</recordSchema>
			<recordPacking>xml</recordPacking>
			<recordData>
				<record xmlns="http://www.loc.gov/MARC21/slim">
					<leader>01013nam  2200301 i 4500</leader>
					<controlfield tag="001">9911088618805506</controlfield>
					<controlfield tag="005">20230124200308.0</controlfield>
					<controlfield tag="006">m     o  d |</controlfield>
					<controlfield tag="007">cr cnu||||||||</controlfield>
					<controlfield tag="008">201119s2020    at a    o     000 0 eng d</controlfield>
					<datafield ind1=" " ind2=" " tag="020">
						<subfield code="a">1-76076-136-2</subfield>
					</datafield>
					<datafield ind1=" " ind2=" " tag="035">
						<subfield code="a">(CKB)4100000011347966</subfield>
					</datafield>
					<datafield ind1=" " ind2=" " tag="035">
						<subfield code="a">(MiAaPQ)EBC6263840</subfield>
					</datafield>
					<datafield ind1=" " ind2=" " tag="035">
						<subfield code="a">(EXLCZ)994100000011347966</subfield>
					</datafield>
					<datafield ind1=" " ind2=" " tag="040">
						<subfield code="a">MiAaPQ</subfield>
						<subfield code="b">eng</subfield>
						<subfield code="e">rda</subfield>
						<subfield code="e">pn</subfield>
						<subfield code="c">MiAaPQ</subfield>
						<subfield code="d">MiAaPQ</subfield>
					</datafield>
					<datafield ind1=" " ind2="4" tag="050">
						<subfield code="a">SD1</subfield>
						<subfield code="b">.H378 2020</subfield>
					</datafield>
					<datafield ind1="0" ind2=" " tag="082">
						<subfield code="a">634.905</subfield>
						<subfield code="2">23</subfield>
					</datafield>
					<datafield ind1="1" ind2=" " tag="100">
						<subfield code="a">Harvey-Smith, Lisa,</subfield>
						<subfield code="e">author.</subfield>
					</datafield>
					<datafield ind1="1" ind2="4" tag="245">
						<subfield code="a">The secret life of stars :</subfield>
						<subfield code="b">astrophysics for everyone /</subfield>
						<subfield code="c">Lisa Harvey-Smith &amp; Eirian Chapman.</subfield>
					</datafield>
					<datafield ind1=" " ind2="1" tag="264">
						<subfield code="a">Australia :</subfield>
						<subfield code="b">Thames &amp; Hudson Australia Pty Ltd,</subfield>
						<subfield code="c">2020.</subfield>
					</datafield>
					<datafield ind1=" " ind2=" " tag="300">
						<subfield code="a">1 online resource (102 pages) :</subfield>
						<subfield code="b">illustrations</subfield>
					</datafield>
					<datafield ind1=" " ind2=" " tag="336">
						<subfield code="a">text</subfield>
						<subfield code="b">txt</subfield>
						<subfield code="2">rdacontent</subfield>
					</datafield>
					<datafield ind1=" " ind2=" " tag="337">
						<subfield code="a">computer</subfield>
						<subfield code="b">c</subfield>
						<subfield code="2">rdamedia</subfield>
					</datafield>
					<datafield ind1=" " ind2=" " tag="338">
						<subfield code="a">online resource</subfield>
						<subfield code="b">cr</subfield>
						<subfield code="2">rdacarrier</subfield>
					</datafield>
					<datafield ind1=" " ind2=" " tag="588">
						<subfield code="a">Description based on print version record.</subfield>
					</datafield>
					<datafield ind1=" " ind2="0" tag="650">
						<subfield code="a">Science: Astronomy.</subfield>
					</datafield>
					<datafield ind1="1" ind2=" " tag="700">
						<subfield code="a">Chapman, Eirian,</subfield>
						<subfield code="e">author.</subfield>
					</datafield>
					<datafield ind1=" " ind2=" " tag="776">
						<subfield code="z">1-76076-122-2</subfield>
					</datafield>
					<datafield ind1=" " ind2=" " tag="906">
						<subfield code="a">BOOK</subfield>
					</datafield>
					<datafield ind1=" " ind2=" " tag="AVE">
						<subfield code="8">5369564970005506</subfield>
						<subfield code="c">6164319640005506</subfield>
						<subfield code="e">Available</subfield>
						<subfield code="m">Ebook Central Perpetual, DDA and Subscription Titles</subfield>
						<subfield code="t">Ebook Central</subfield>
						<subfield code="a">41SLSP_HSG</subfield>
						<subfield code="0">9911088618805506</subfield>
					</datafield>
				</record>
			</recordData>
			<recordIdentifier>9911088618805506</recordIdentifier>
			<recordPosition>75</recordPosition>
		</record>