
		<record>
			<recordSchema>marcxml</recordSchema>
			<recordPacking>xml</recordPacking>
			<recordData>
				<record xmlns="http://www.loc.gov/MARC21/slim">
					<leader>05571nam a2200961 c 4500</leader>
					<controlfield tag="001">9911410466905506</controlfield>
					<controlfield tag="005">20230628075019.0</controlfield>
					<controlfield tag="008">201011s2018    xxkabf   b||| 001 0 eng|d</controlfield>
					<datafield ind1=" " ind2=" " tag="020">
						<subfield code="a">9781788311991</subfield>
						<subfield code="q">hardback</subfield>
					</datafield>
					<datafield ind1=" " ind2=" " tag="020">
						<subfield code="a">178831199X</subfield>
						<subfield code="q">hardback</subfield>
					</datafield>
					<datafield ind1=" " ind2=" " tag="035">
						<subfield code="a">(swissbib)22914392X-41slsp_network</subfield>
					</datafield>
					<datafield ind1=" " ind2=" " tag="035">
						<subfield code="a">22914392X</subfield>
						<subfield code="9">ExL</subfield>
					</datafield>
					<datafield ind1=" " ind2=" " tag="035">
						<subfield code="a">(NEBIS)011303831EBI01</subfield>
					</datafield>
					<datafield ind1=" " ind2=" " tag="035">
						<subfield code="a">(IDSBB)006800326DSV01</subfield>
					</datafield>
					<datafield ind1=" " ind2=" " tag="035">
						<subfield code="a">(OCoLC)1020580016</subfield>
					</datafield>
					<datafield ind1=" " ind2=" " tag="035">
						<subfield code="z">(swissbib)005358027-41slsp_network</subfield>
					</datafield>
					<datafield ind1=" " ind2=" " tag="035">
						<subfield code="a">(IDSSG)001035672HSB01</subfield>
					</datafield>
					<datafield ind1=" " ind2=" " tag="035">
						<subfield code="z">(CH-ZuSLS)991086693409705501</subfield>
					</datafield>
					<datafield ind1=" " ind2=" " tag="035">
						<subfield code="a">(EXLNZ-41SLSP_NETWORK)991013593049705501</subfield>
					</datafield>
					<datafield ind1=" " ind2=" " tag="040">
						<subfield code="a">YDX</subfield>
						<subfield code="b">ger</subfield>
						<subfield code="e">rda</subfield>
						<subfield code="d">CH-ZuSLS</subfield>
					</datafield>
					<datafield ind1=" " ind2=" " tag="043">
						<subfield code="a">a-tu---</subfield>
					</datafield>
					<datafield ind1=" " ind2="4" tag="050">
						<subfield code="a">DR435.A7</subfield>
						<subfield code="b">H33 2018</subfield>
					</datafield>
					<datafield ind1=" " ind2="7" tag="072">
						<subfield code="a">is</subfield>
						<subfield code="2">SzZuIDS BS/BE</subfield>
					</datafield>
					<datafield ind1="0" ind2="4" tag="082">
						<subfield code="a">956.100491992</subfield>
						<subfield code="2">23</subfield>
					</datafield>
					<datafield ind1="1" ind2="4" tag="082">
						<subfield code="a">320</subfield>
						<subfield code="2">15</subfield>
					</datafield>
					<datafield ind1="1" ind2="4" tag="082">
						<subfield code="a">950</subfield>
						<subfield code="2">15</subfield>
					</datafield>
					<datafield ind1="1" ind2="4" tag="082">
						<subfield code="a">297</subfield>
						<subfield code="2">15</subfield>
					</datafield>
					<datafield ind1="7" ind2="4" tag="082">
						<subfield code="a">340</subfield>
						<subfield code="2">23sdnb</subfield>
					</datafield>
					<datafield ind1="7" ind2="4" tag="082">
						<subfield code="a">900</subfield>
						<subfield code="2">23sdnb</subfield>
					</datafield>
					<datafield ind1="7" ind2="4" tag="082">
						<subfield code="a">940</subfield>
						<subfield code="2">23sdnb</subfield>
					</datafield>
					<datafield ind1=" " ind2=" " tag="084">
						<subfield code="a">CE/ARM 39 g</subfield>
						<subfield code="2">cjurrom</subfield>
					</datafield>
					<datafield ind1=" " ind2=" " tag="084">
						<subfield code="a">LB 48340</subfield>
						<subfield code="2">rvk</subfield>
					</datafield>
					<datafield ind1=" " ind2=" " tag="084">
						<subfield code="a">MH 62968</subfield>
						<subfield code="2">rvk</subfield>
					</datafield>
					<datafield ind1=" " ind2=" " tag="084">
						<subfield code="a">NK 4200</subfield>
						<subfield code="2">rvk</subfield>
					</datafield>
					<datafield ind1=" " ind2=" " tag="084">
						<subfield code="a">NP 6450</subfield>
						<subfield code="2">rvk</subfield>
					</datafield>
					<datafield ind1="1" ind2=" " tag="100">
						<subfield code="6">880-01</subfield>
						<subfield code="a">Hadjian, Avedis</subfield>
						<subfield code="0">(DE-588)1164198122</subfield>
						<subfield code="4">aut</subfield>
					</datafield>
					<datafield ind1="1" ind2=" " tag="880">
						<subfield code="6">100-01/(B</subfield>
						<subfield code="a">Hadjian, Avedis</subfield>
						<subfield code="0">(IDREF)227359739</subfield>
						<subfield code="4">aut</subfield>
					</datafield>
					<datafield ind1="1" ind2="0" tag="245">
						<subfield code="a">Secret nation</subfield>
						<subfield code="b">the hidden Armenians of Turkey</subfield>
						<subfield code="c">Avedis Hadjian</subfield>
					</datafield>
					<datafield ind1=" " ind2="1" tag="264">
						<subfield code="a">London</subfield>
						<subfield code="b">I.B. Tauris</subfield>
						<subfield code="c">[2018]</subfield>
					</datafield>
					<datafield ind1=" " ind2="4" tag="264">
						<subfield code="c">© 2018</subfield>
					</datafield>
					<datafield ind1=" " ind2=" " tag="300">
						<subfield code="a">XVII, 570 Seiten</subfield>
						<subfield code="b">Illustrationen, Karten</subfield>
					</datafield>
					<datafield ind1=" " ind2=" " tag="336">
						<subfield code="b">txt</subfield>
						<subfield code="2">rdacontent</subfield>
					</datafield>
					<datafield ind1=" " ind2=" " tag="337">
						<subfield code="b">n</subfield>
						<subfield code="2">rdamedia</subfield>
					</datafield>
					<datafield ind1=" " ind2=" " tag="338">
						<subfield code="b">nc</subfield>
						<subfield code="2">rdacarrier</subfield>
					</datafield>
					<datafield ind1=" " ind2=" " tag="504">
						<subfield code="a">Includes bibliographical references and index</subfield>
					</datafield>
					<datafield ind1=" " ind2=" " tag="520">
						<subfield code="a">It has long been assumed that no Armenian presence remained in eastern Turkey after the 1915 massacres. As a result of what has come to be called the Armenian Genocide, those who survived in Anatolia were assimilated as Muslims, with most losing all traces of their Christian identity.In fact, some did survive and together with their children managed during the last century to conceal their origins. Many of these survivors were orphans, adopted by Turks, only discovering their `true' identity late into their adult lives. Outwardly, they are Turks or Kurds and while some are practising Muslims, others continue to uphold Christian and Armenian traditions behind closed doors.In recent years, a growing number of `secret Armenians' have begun to emerge from the shadows. Spurred by the bold voices of journalists like Hrant Dink, the Armenian newspaper editor murdered in Istanbul in 2007, the pull towards freedom of speech and soul-searching are taking hold across the region. Avedis Hadjian has travelled to the towns and villages once densely populated by Armenians, recording stories of survival and discovery from those who remain in a region that is deemed unsafe for the people who once lived there.This book takes the reader to the heart of these hidden communities for the first time, unearthing their unique heritage and identity. Revealing the lives of a peoples that have been trapped in a history of denial for more than a century, Secret Nation is essential reading for anyone with an interest in the aftermath of the Armenian Genocide in the very places where the events occurred.</subfield>
					</datafield>
					<datafield ind1=" " ind2="7" tag="648">
						<subfield code="a">Geschichte 1915-2017</subfield>
						<subfield code="2">gnd</subfield>
					</datafield>
					<datafield ind1=" " ind2="7" tag="650">
						<subfield code="a">Génocide arménien (1915-1923)</subfield>
						<subfield code="0">(IDREF)027349675</subfield>
						<subfield code="2">idref</subfield>
					</datafield>
					<datafield ind1=" " ind2="7" tag="650">
						<subfield code="a">Survivants du génocide arménien</subfield>
						<subfield code="0">(IDREF)130484938</subfield>
						<subfield code="2">idref</subfield>
					</datafield>
					<datafield ind1=" " ind2="7" tag="650">
						<subfield code="a">Minorités</subfield>
						<subfield code="0">(IDREF)027239543</subfield>
						<subfield code="2">idref</subfield>
					</datafield>
					<datafield ind1=" " ind2="7" tag="650">
						<subfield code="a">Nationale Minderheit</subfield>
						<subfield code="0">(DE-588)4039409-8</subfield>
						<subfield code="2">gnd</subfield>
					</datafield>
					<datafield ind1=" " ind2="7" tag="650">
						<subfield code="a">Religiöse Minderheit</subfield>
						<subfield code="0">(DE-588)4140292-3</subfield>
						<subfield code="2">gnd</subfield>
					</datafield>
					<datafield ind1=" " ind2="7" tag="650">
						<subfield code="a">Ethnozid</subfield>
						<subfield code="0">(DE-588)4194022-2</subfield>
						<subfield code="2">gnd</subfield>
					</datafield>
					<datafield ind1=" " ind2="7" tag="650">
						<subfield code="a">Völkermord</subfield>
						<subfield code="0">(DE-588)4063690-2</subfield>
						<subfield code="2">gnd</subfield>
					</datafield>
					<datafield ind1=" " ind2="7" tag="650">
						<subfield code="a">Lebenswelt</subfield>
						<subfield code="0">(DE-588)4034929-9</subfield>
						<subfield code="2">gnd</subfield>
					</datafield>
					<datafield ind1=" " ind2="0" tag="650">
						<subfield code="a">Genocide</subfield>
						<subfield code="z">Turkey</subfield>
						<subfield code="y">20th century</subfield>
					</datafield>
					<datafield ind1=" " ind2="7" tag="650">
						<subfield code="a">Armenier</subfield>
						<subfield code="0">(DE-588)4085933-2</subfield>
						<subfield code="2">gnd</subfield>
					</datafield>
					<datafield ind1=" " ind2="0" tag="650">
						<subfield code="a">Armenians</subfield>
						<subfield code="z">Turkey</subfield>
						<subfield code="x">History</subfield>
						<subfield code="y">20th century</subfield>
					</datafield>
					<datafield ind1=" " ind2="0" tag="650">
						<subfield code="a">Armenians</subfield>
						<subfield code="z">Turkey</subfield>
					</datafield>
					<datafield ind1=" " ind2="7" tag="651">
						<subfield code="a">Arménie</subfield>
						<subfield code="0">(IDREF)027316211</subfield>
						<subfield code="2">idref</subfield>
					</datafield>
					<datafield ind1=" " ind2="7" tag="651">
						<subfield code="a">Turquie</subfield>
						<subfield code="0">(IDREF)027254755</subfield>
						<subfield code="2">idref</subfield>
					</datafield>
					<datafield ind1=" " ind2="7" tag="651">
						<subfield code="a">Asie mineure</subfield>
						<subfield code="0">(IDREF)027220338</subfield>
						<subfield code="2">idref</subfield>
					</datafield>
					<datafield ind1=" " ind2="7" tag="651">
						<subfield code="a">Commagène</subfield>
						<subfield code="0">(IDREF)031422438</subfield>
						<subfield code="2">idref</subfield>
					</datafield>
					<datafield ind1=" " ind2="7" tag="651">
						<subfield code="a">Erzurum (Turquie)</subfield>
						<subfield code="0">(IDREF)027264025</subfield>
						<subfield code="2">idref</subfield>
					</datafield>
					<datafield ind1=" " ind2="7" tag="651">
						<subfield code="a">Sivas (Turquie)</subfield>
						<subfield code="0">(IDREF)052515397</subfield>
						<subfield code="2">idref</subfield>
					</datafield>
					<datafield ind1=" " ind2="7" tag="651">
						<subfield code="a">Cilicie (Turquie)</subfield>
						<subfield code="0">(IDREF)027367150</subfield>
						<subfield code="2">idref</subfield>
					</datafield>
					<datafield ind1=" " ind2="7" tag="651">
						<subfield code="a">Hemşin (Turquie, district)</subfield>
						<subfield code="0">(IDREF)200150952</subfield>
						<subfield code="2">idref</subfield>
					</datafield>
					<datafield ind1=" " ind2="7" tag="651">
						<subfield code="a">Osmanisches Reich</subfield>
						<subfield code="0">(DE-588)4075720-1</subfield>
						<subfield code="2">gnd</subfield>
					</datafield>
					<datafield ind1=" " ind2="7" tag="651">
						<subfield code="a">Türkei</subfield>
						<subfield code="0">(DE-588)4061163-2</subfield>
						<subfield code="2">gnd</subfield>
					</datafield>
					<datafield ind1=" " ind2="7" tag="655">
						<subfield code="a">Récits personnels</subfield>
						<subfield code="0">(IDREF)027805441</subfield>
						<subfield code="2">idref</subfield>
					</datafield>
					<datafield ind1=" " ind2=" " tag="690">
						<subfield code="a">Nation; Armenien; Adana; Ankara; Gen; Karte; Ani; Kilikien; Meer; Index; Abbildung; Bibliographie; Geheimnis; Schrift; Straßenbahn; Komma</subfield>
						<subfield code="2">idssg-J</subfield>
					</datafield>
					<datafield ind1=" " ind2=" " tag="690">
						<subfield code="a">Geheimnation; Kommagen; Bayazet; Tatvan</subfield>
						<subfield code="2">idssg-J</subfield>
					</datafield>
					<datafield ind1=" " ind2=" " tag="690">
						<subfield code="a">schwarz HAMSHEN; schwarzes Meer; verborgener Armenier; verlorene Karte</subfield>
						<subfield code="2">idssg-J</subfield>
					</datafield>
					<datafield ind1=" " ind2=" " tag="690">
						<subfield code="a">Musa Ler; Sasun COMMAGENE; Türkei AVEDIS HADJIAN Liste</subfield>
						<subfield code="2">idssg-J</subfield>
					</datafield>
					<datafield ind1=" " ind2=" " tag="690">
						<subfield code="a">Türkei C7TURK; Armenien C4EXAR</subfield>
						<subfield code="2">idssg-J</subfield>
					</datafield>
					<datafield ind1="0" ind2="8" tag="776">
						<subfield code="i">Erscheint auch als</subfield>
						<subfield code="n">Online-Ausgabe (eISBN)</subfield>
						<subfield code="z">9781786723710</subfield>
					</datafield>
					<datafield ind1="0" ind2="8" tag="776">
						<subfield code="i">Erscheint auch als</subfield>
						<subfield code="n">Online-Ausgabe (ePDF)</subfield>
						<subfield code="z">9781786733719</subfield>
					</datafield>
					<datafield ind1="4" ind2=" " tag="856">
						<subfield code="u">https://unisg.link/hm00661695</subfield>
						<subfield code="z">Inhaltsverzeichnis</subfield>
					</datafield>
					<datafield ind1="4" ind2=" " tag="856">
						<subfield code="3">Titelblatt und Inhaltsverzeichnis</subfield>
						<subfield code="u">https://toc.library.ethz.ch/objects/pdf03/z01_1-78831-199-X_01.pdf</subfield>
						<subfield code="q">pdf</subfield>
					</datafield>
					<datafield ind1=" " ind2=" " tag="900">
						<subfield code="a">IDSZ2zbzmon201812f</subfield>
						<subfield code="c">IDSZ2tobt</subfield>
						<subfield code="d">IDSZ2zbzswk201812g</subfield>
						<subfield code="e">IDSZ2beck</subfield>
					</datafield>
					<datafield ind1=" " ind2=" " tag="900">
						<subfield code="a">Stoppsignal FRED</subfield>
						<subfield code="x">27.07.2018</subfield>
					</datafield>
					<datafield ind1=" " ind2=" " tag="903">
						<subfield code="a">RERO-SIGN</subfield>
						<subfield code="5">BCUFR/20230622/ecr</subfield>
					</datafield>
					<datafield ind1=" " ind2=" " tag="949">
						<subfield code="a">https://toc.library.ethz.ch/objects/pdf03/z01_1-78831-199-X_01.pdf</subfield>
					</datafield>
					<datafield ind1=" " ind2=" " tag="949">
						<subfield code="a">https://unisg.link/hm00661695</subfield>
					</datafield>
					<datafield ind1=" " ind2=" " tag="990">
						<subfield code="a">CH0010C56B9AD3BDFD1CFC12583D60032680E</subfield>
						<subfield code="b">iCapture</subfield>
						<subfield code="9">local</subfield>
					</datafield>
					<datafield ind1=" " ind2=" " tag="990">
						<subfield code="a">CH0010C56B9AD3BDFD1CFC12583D60032680E</subfield>
						<subfield code="b">iCapture</subfield>
						<subfield code="9">local</subfield>
					</datafield>
					<datafield ind1=" " ind2=" " tag="AVA">
						<subfield code="0">9911410466905506</subfield>
						<subfield code="8">2247207880005506</subfield>
						<subfield code="a">41SLSP_HSG</subfield>
						<subfield code="b">HSG</subfield>
						<subfield code="c">Basement</subfield>
						<subfield code="d">LB 48340 H129</subfield>
						<subfield code="e">available</subfield>
						<subfield code="f">1</subfield>
						<subfield code="g">0</subfield>
						<subfield code="j">UG</subfield>
						<subfield code="k">4</subfield>
						<subfield code="p">1</subfield>
						<subfield code="q">HSG</subfield>
					</datafield>
				</record>
			</recordData>
			<recordIdentifier>9911410466905506</recordIdentifier>
			<recordPosition>77</recordPosition>
		</record>