
		<record>
			<recordSchema>marcxml</recordSchema>
			<recordPacking>xml</recordPacking>
			<recordData>
				<record xmlns="http://www.loc.gov/MARC21/slim">
					<leader>-----cam-a22-----z--4500</leader>
					<controlfield tag="001">9910980233905506</controlfield>
					<controlfield tag="008">220308u2019uuuuuuuuu-|-o----u|----|eng-d</controlfield>
					<datafield ind1=" " ind2=" " tag="035">
						<subfield code="a">(CKB)3230000000064576</subfield>
					</datafield>
					<datafield ind1=" " ind2=" " tag="035">
						<subfield code="a">(EXLCZ)993230000000064576</subfield>
					</datafield>
					<datafield ind1="1" ind2="0" tag="245">
						<subfield code="a">Secret of the Totem</subfield>
					</datafield>
					<datafield ind1=" " ind2=" " tag="260">
						<subfield code="b">Good Press</subfield>
					</datafield>
					<datafield ind1=" " ind2=" " tag="776">
						<subfield code="z">4057664607508</subfield>
					</datafield>
					<datafield ind1=" " ind2=" " tag="906">
						<subfield code="a">BOOK</subfield>
					</datafield>
					<datafield ind1=" " ind2=" " tag="AVE">
						<subfield code="8">5358699200005506</subfield>
						<subfield code="c">6150261710005506</subfield>
						<subfield code="e">Available</subfield>
						<subfield code="m">Universal Library</subfield>
						<subfield code="t">Internet Archive</subfield>
						<subfield code="a">41SLSP_HSG</subfield>
						<subfield code="0">9910980233905506</subfield>
					</datafield>
				</record>
			</recordData>
			<recordIdentifier>9910980233905506</recordIdentifier>
			<recordPosition>81</recordPosition>
		</record>