
		<record>
			<recordSchema>marcxml</recordSchema>
			<recordPacking>xml</recordPacking>
			<recordData>
				<record xmlns="http://www.loc.gov/MARC21/slim">
					<leader>01625nam a2200373 i 4500</leader>
					<controlfield tag="001">9911016233105506</controlfield>
					<controlfield tag="005">20200520144314.0</controlfield>
					<controlfield tag="006">m     o  d |</controlfield>
					<controlfield tag="007">cr cn</controlfield>
					<controlfield tag="008">180613s2018    enk     o     000 0 eng d</controlfield>
					<datafield ind1=" " ind2=" " tag="035">
						<subfield code="a">(CKB)4110000000007789</subfield>
					</datafield>
					<datafield ind1=" " ind2=" " tag="035">
						<subfield code="a">(Au-PeEL)EBL5400396</subfield>
					</datafield>
					<datafield ind1=" " ind2=" " tag="035">
						<subfield code="a">(OCoLC)1038494970</subfield>
					</datafield>
					<datafield ind1=" " ind2=" " tag="035">
						<subfield code="a">(CaSebORM)9781788294874</subfield>
					</datafield>
					<datafield ind1=" " ind2=" " tag="035">
						<subfield code="a">(MiAaPQ)EBC5400396</subfield>
					</datafield>
					<datafield ind1=" " ind2=" " tag="035">
						<subfield code="a">(EXLCZ)994110000000007789</subfield>
					</datafield>
					<datafield ind1=" " ind2=" " tag="040">
						<subfield code="a">MiAaPQ</subfield>
						<subfield code="b">eng</subfield>
						<subfield code="e">rda</subfield>
						<subfield code="e">pn</subfield>
						<subfield code="c">MiAaPQ</subfield>
						<subfield code="d">MiAaPQ</subfield>
					</datafield>
					<datafield ind1="0" ind2=" " tag="041">
						<subfield code="a">eng</subfield>
					</datafield>
					<datafield ind1=" " ind2="4" tag="050">
						<subfield code="a">QA76.73.P98</subfield>
						<subfield code="b">.J335 2018</subfield>
					</datafield>
					<datafield ind1="0" ind2=" " tag="082">
						<subfield code="a">005.133</subfield>
						<subfield code="2">23</subfield>
					</datafield>
					<datafield ind1="1" ind2=" " tag="100">
						<subfield code="a">Jackson, Cody,</subfield>
						<subfield code="e">author.</subfield>
					</datafield>
					<datafield ind1="1" ind2="0" tag="245">
						<subfield code="a">Secret recipes of the Python Ninja :</subfield>
						<subfield code="b">over 70 recipes that uncover powerful programming tactics in Python /</subfield>
						<subfield code="c">Cody Jackson.</subfield>
					</datafield>
					<datafield ind1=" " ind2=" " tag="250">
						<subfield code="a">1st edition</subfield>
					</datafield>
					<datafield ind1=" " ind2="1" tag="264">
						<subfield code="a">Birmingham ;</subfield>
						<subfield code="a">Mumbai :</subfield>
						<subfield code="b">Packt Publishing,</subfield>
						<subfield code="c">[2018]</subfield>
					</datafield>
					<datafield ind1=" " ind2="4" tag="264">
						<subfield code="c">2018</subfield>
					</datafield>
					<datafield ind1=" " ind2=" " tag="300">
						<subfield code="a">1 online resource (380 pages)</subfield>
					</datafield>
					<datafield ind1=" " ind2=" " tag="336">
						<subfield code="a">text</subfield>
						<subfield code="b">txt</subfield>
						<subfield code="2">rdacontent</subfield>
					</datafield>
					<datafield ind1=" " ind2=" " tag="337">
						<subfield code="a">computer</subfield>
						<subfield code="b">c</subfield>
						<subfield code="2">rdamedia</subfield>
					</datafield>
					<datafield ind1=" " ind2=" " tag="338">
						<subfield code="a">online resource</subfield>
						<subfield code="b">cr</subfield>
						<subfield code="2">rdacarrier</subfield>
					</datafield>
					<datafield ind1=" " ind2=" " tag="347">
						<subfield code="a">text file</subfield>
					</datafield>
					<datafield ind1=" " ind2=" " tag="520">
						<subfield code="a">Test your Python programming skills by solving real-world problems About This Book Access built-in documentation tools and improve your code. Discover how to make the best use of decorator and generator functions Enhance speed and improve concurrency by conjuring tricks from the PyPy project Who This Book Is For Whether you've been working with Python for a few years or you're a seasoned programmer, you'll have a lot of new tricks to walk away with. What You Will Learn Know the differences between .py and .pyc files Explore the different ways to install and upgrade Python packages Understand the working of the PyPI module that enhances built-in decorators See how coroutines are different from generators and how they can simulate multithreading Grasp how the decimal module improves floating point numbers and their operations Standardize sub interpreters to improve concurrency Discover Python's built-in docstring analyzer In Detail This book covers the unexplored secrets of Python, delve into its depths, and uncover its mysteries. You'll unearth secrets related to the implementation of the standard library, by looking at how modules actually work. You'll understand the implementation of collections, decimals, and fraction modules. If you haven't used decorators, coroutines, and generator functions much before, as you make your way through the recipes, you'll learn what you've been missing out on. We'll cover internal special methods in detail, so you understand what they are and how they can be used to improve the engineering decisions you make. Next, you'll explore the CPython interpreter, which is a treasure trove of secret hacks that not many programmers are aware of. We'll take you through the depths of the PyPy project, where you'll come across several exciting ways that you can improve speed and concurrency. Finally, we'll take time to explore the PEPs of the latest versions to discover some interesting hacks. Style and approach Recipe based approach where each problem is solved with the help of step by step instructions.</subfield>
					</datafield>
					<datafield ind1=" " ind2=" " tag="588">
						<subfield code="a">Description based on print version record.</subfield>
					</datafield>
					<datafield ind1=" " ind2="0" tag="650">
						<subfield code="a">Python (Computer program language)</subfield>
					</datafield>
					<datafield ind1=" " ind2=" " tag="776">
						<subfield code="z">1-78829-487-4</subfield>
					</datafield>
					<datafield ind1=" " ind2=" " tag="906">
						<subfield code="a">BOOK</subfield>
					</datafield>
					<datafield ind1=" " ind2=" " tag="AVE">
						<subfield code="8">5364902580005506</subfield>
						<subfield code="c">6164319640005506</subfield>
						<subfield code="e">Available</subfield>
						<subfield code="m">Ebook Central Perpetual, DDA and Subscription Titles</subfield>
						<subfield code="t">Ebook Central</subfield>
						<subfield code="a">41SLSP_HSG</subfield>
						<subfield code="0">9911016233105506</subfield>
					</datafield>
				</record>
			</recordData>
			<recordIdentifier>9911016233105506</recordIdentifier>
			<recordPosition>82</recordPosition>
		</record>