
		<record>
			<recordSchema>marcxml</recordSchema>
			<recordPacking>xml</recordPacking>
			<recordData>
				<record xmlns="http://www.loc.gov/MARC21/slim">
					<leader>03165nam a2200589 c 4500</leader>
					<controlfield tag="001">9910212570105506</controlfield>
					<controlfield tag="005">20230408055613.0</controlfield>
					<controlfield tag="008">201011s2018    xxkacfh  b    001 0 eng|^</controlfield>
					<datafield ind1=" " ind2=" " tag="015">
						<subfield code="a">GBB865399</subfield>
						<subfield code="2">bnb</subfield>
					</datafield>
					<datafield ind1="7" ind2=" " tag="016">
						<subfield code="a">018828200</subfield>
						<subfield code="2">Uk</subfield>
					</datafield>
					<datafield ind1=" " ind2=" " tag="020">
						<subfield code="z">9780241305225</subfield>
						<subfield code="q">ePub ebook</subfield>
					</datafield>
					<datafield ind1=" " ind2=" " tag="020">
						<subfield code="z">0300238444</subfield>
					</datafield>
					<datafield ind1=" " ind2=" " tag="020">
						<subfield code="a">0713993669</subfield>
						<subfield code="q">hbk.</subfield>
					</datafield>
					<datafield ind1=" " ind2=" " tag="020">
						<subfield code="a">9780713993660</subfield>
						<subfield code="q">hbk.</subfield>
						<subfield code="c">GBP 35.00</subfield>
					</datafield>
					<datafield ind1=" " ind2=" " tag="035">
						<subfield code="a">(swissbib)229135323-41slsp_network</subfield>
					</datafield>
					<datafield ind1=" " ind2=" " tag="035">
						<subfield code="a">229135323</subfield>
						<subfield code="9">ExL</subfield>
					</datafield>
					<datafield ind1=" " ind2=" " tag="035">
						<subfield code="a">(IDSLU)001332268ILU01</subfield>
					</datafield>
					<datafield ind1=" " ind2=" " tag="035">
						<subfield code="a">(NEBIS)011190212EBI01</subfield>
					</datafield>
					<datafield ind1=" " ind2=" " tag="035">
						<subfield code="a">(IDSBB)007053611DSV01</subfield>
					</datafield>
					<datafield ind1=" " ind2=" " tag="035">
						<subfield code="a">(IDSSG)001021257HSB01</subfield>
					</datafield>
					<datafield ind1=" " ind2=" " tag="035">
						<subfield code="a">(OCoLC)1053833812</subfield>
					</datafield>
					<datafield ind1=" " ind2=" " tag="035">
						<subfield code="a">(OCoLC)1045423265</subfield>
					</datafield>
					<datafield ind1=" " ind2=" " tag="035">
						<subfield code="a">(EXLNZ-41SLSP_NETWORK)991029927919705501</subfield>
					</datafield>
					<datafield ind1=" " ind2=" " tag="040">
						<subfield code="a">AU@</subfield>
						<subfield code="b">ger</subfield>
						<subfield code="e">rda</subfield>
						<subfield code="d">CH-ZuSLS</subfield>
					</datafield>
					<datafield ind1=" " ind2="4" tag="050">
						<subfield code="a">UB270</subfield>
						<subfield code="b">.A53 2018</subfield>
					</datafield>
					<datafield ind1=" " ind2="7" tag="072">
						<subfield code="a">160</subfield>
						<subfield code="2">IDS LU</subfield>
					</datafield>
					<datafield ind1="0" ind2="4" tag="082">
						<subfield code="a">327.1209</subfield>
						<subfield code="2">23</subfield>
					</datafield>
					<datafield ind1="1" ind2="4" tag="082">
						<subfield code="a">320</subfield>
						<subfield code="2">15</subfield>
					</datafield>
					<datafield ind1="1" ind2="4" tag="082">
						<subfield code="a">900</subfield>
						<subfield code="2">15</subfield>
					</datafield>
					<datafield ind1=" " ind2=" " tag="084">
						<subfield code="a">MF 9500</subfield>
						<subfield code="2">rvk</subfield>
					</datafield>
					<datafield ind1="1" ind2=" " tag="100">
						<subfield code="a">Andrew, Christopher M.</subfield>
						<subfield code="d">1941-</subfield>
						<subfield code="0">(DE-588)121465985</subfield>
						<subfield code="4">aut</subfield>
					</datafield>
					<datafield ind1="1" ind2="0" tag="245">
						<subfield code="a">&lt;&lt;The&gt;&gt; secret world</subfield>
						<subfield code="b">a history of intelligence</subfield>
						<subfield code="c">Christopher Andrew</subfield>
					</datafield>
					<datafield ind1="1" ind2="0" tag="246">
						<subfield code="a">History of intelligence</subfield>
					</datafield>
					<datafield ind1=" " ind2="1" tag="264">
						<subfield code="a">UK</subfield>
						<subfield code="b">Allen Lane, an imprint of Penguin Books</subfield>
						<subfield code="c">2018</subfield>
					</datafield>
					<datafield ind1=" " ind2=" " tag="300">
						<subfield code="a">xii, 948 Seiten</subfield>
						<subfield code="b">Illustrationen</subfield>
						<subfield code="c">24 cm</subfield>
					</datafield>
					<datafield ind1=" " ind2=" " tag="336">
						<subfield code="b">txt</subfield>
						<subfield code="2">rdacontent</subfield>
					</datafield>
					<datafield ind1=" " ind2=" " tag="337">
						<subfield code="b">n</subfield>
						<subfield code="2">rdamedia</subfield>
					</datafield>
					<datafield ind1=" " ind2=" " tag="338">
						<subfield code="b">nc</subfield>
						<subfield code="2">rdacarrier</subfield>
					</datafield>
					<datafield ind1=" " ind2="7" tag="648">
						<subfield code="a">Geschichte</subfield>
						<subfield code="2">gnd</subfield>
					</datafield>
					<datafield ind1=" " ind2="0" tag="650">
						<subfield code="a">Intelligence service</subfield>
						<subfield code="x">History</subfield>
					</datafield>
					<datafield ind1=" " ind2="0" tag="650">
						<subfield code="a">Espionage</subfield>
						<subfield code="x">History</subfield>
					</datafield>
					<datafield ind1=" " ind2="0" tag="650">
						<subfield code="a">Secret service</subfield>
						<subfield code="x">History</subfield>
					</datafield>
					<datafield ind1=" " ind2="7" tag="650">
						<subfield code="a">Geheimdienst</subfield>
						<subfield code="0">(DE-588)4019737-2</subfield>
						<subfield code="2">gnd</subfield>
					</datafield>
					<datafield ind1=" " ind2="7" tag="650">
						<subfield code="a">Spionage</subfield>
						<subfield code="0">(DE-588)4056287-6</subfield>
						<subfield code="2">gnd</subfield>
					</datafield>
					<datafield ind1=" " ind2=" " tag="690">
						<subfield code="a">Intelligenz; Weltkrieg; Gegenrevolution; Unabhängigkeit; Geheimdienst; Aufstieg; Sieg; Tod; Wirklichkeit</subfield>
						<subfield code="2">idssg-J</subfield>
					</datafield>
					<datafield ind1=" " ind2=" " tag="690">
						<subfield code="a">Unabhängigkeitskrieg; Regimewandel; Countersubversion; Intelligenzsupermacht; Bibelspion; Codebrecher; Niedergang; Pinguinbuch; Sonnenkönig; Untermensch; Zimmermanntelegramm</subfield>
						<subfield code="2">idssg-J</subfield>
					</datafield>
					<datafield ind1=" " ind2=" " tag="690">
						<subfield code="a">altes Ägypten; amerikanische Intervention; amerikanische Unabhängigkeit; antikes Griechenland; englische Intelligenz; erster Weltkrieg; französisches Kabinett; französische Revolution; fremde Intelligenz; früher Stuart; geheime Welt; globale Intelligenz; goldenes Zeitalter; große Allianz; islamische Intelligenz; langfristige Perspektive; letztes Abendmahl; napoleonisch Kriege; russische Staatssicherheit; römisches Reich; römische Republik; spanischer Geheimdienst; westliche Intelligenz; wiener Kongress; zweiter Weltkrieg</subfield>
						<subfield code="2">idssg-J</subfield>
					</datafield>
					<datafield ind1=" " ind2=" " tag="690">
						<subfield code="a">Welt C00WOR; Griechenland C4EUGR; Italien C4EUIT; China C9CHIN; Indien C9INDI; Großbritannien C4EUUK; Europa C4E; Ägypten C7EGYP; Frankreich C4EUFR</subfield>
						<subfield code="2">idssg-J</subfield>
					</datafield>
					<datafield ind1=" " ind2=" " tag="690">
						<subfield code="a">Ancien Regime Europa; Christopher ANDREW Die; Elizabeth Walsingham; Ermordung Anarchisten Revolutionäre; Great Game; Karl Marx; Kriege; Odysseus; September Fazit Intelligenz; Stuart; The Telegraph Mid Century</subfield>
						<subfield code="2">idssg-J</subfield>
					</datafield>
					<datafield ind1="4" ind2=" " tag="856">
						<subfield code="3">Titelblatt und Inhaltsverzeichnis</subfield>
						<subfield code="u">https://toc.library.ethz.ch/objects/pdf03/z01_978-0-7139-9366-0_01.pdf</subfield>
						<subfield code="q">pdf</subfield>
					</datafield>
					<datafield ind1=" " ind2=" " tag="900">
						<subfield code="a">IDSE5E19ANH-2019</subfield>
					</datafield>
					<datafield ind1=" " ind2=" " tag="900">
						<subfield code="a">IDSZ2zbzmon201809f</subfield>
						<subfield code="c">IDSZ2tres</subfield>
						<subfield code="d">IDSZ2zbzswk201809b</subfield>
						<subfield code="e">IDSZ2bucp</subfield>
					</datafield>
					<datafield ind1=" " ind2=" " tag="949">
						<subfield code="a">https://toc.library.ethz.ch/objects/pdf03/z01_978-0-7139-9366-0_01.pdf</subfield>
					</datafield>
					<datafield ind1=" " ind2=" " tag="990">
						<subfield code="a">CH001BE3C8B739F04A472C12583D1004E7249</subfield>
						<subfield code="b">iCapture</subfield>
						<subfield code="9">local</subfield>
					</datafield>
					<datafield ind1=" " ind2=" " tag="AVA">
						<subfield code="0">9910212570105506</subfield>
						<subfield code="8">2245331710005506</subfield>
						<subfield code="a">41SLSP_HSG</subfield>
						<subfield code="b">HSG</subfield>
						<subfield code="c">Basement</subfield>
						<subfield code="d">MF 9500 A562</subfield>
						<subfield code="e">available</subfield>
						<subfield code="f">1</subfield>
						<subfield code="g">0</subfield>
						<subfield code="j">UG</subfield>
						<subfield code="k">4</subfield>
						<subfield code="p">1</subfield>
						<subfield code="q">HSG</subfield>
					</datafield>
				</record>
			</recordData>
			<recordIdentifier>9910212570105506</recordIdentifier>
			<recordPosition>84</recordPosition>
		</record>