
		<record>
			<recordSchema>marcxml</recordSchema>
			<recordPacking>xml</recordPacking>
			<recordData>
				<record xmlns="http://www.loc.gov/MARC21/slim">
					<leader>01985nam a2200505 c 4500</leader>
					<controlfield tag="001">9911325171105506</controlfield>
					<controlfield tag="005">20230526114905.0</controlfield>
					<controlfield tag="007">tu</controlfield>
					<controlfield tag="008">200429s2021    gw ||||| |||| 00||||eng d</controlfield>
					<datafield ind1=" " ind2=" " tag="015">
						<subfield code="a">20,N19</subfield>
						<subfield code="2">dnb</subfield>
					</datafield>
					<datafield ind1="7" ind2=" " tag="016">
						<subfield code="2">DE-101</subfield>
						<subfield code="a">1209222523</subfield>
					</datafield>
					<datafield ind1=" " ind2=" " tag="020">
						<subfield code="a">9783170389380</subfield>
					</datafield>
					<datafield ind1=" " ind2=" " tag="020">
						<subfield code="a">3170389386</subfield>
					</datafield>
					<datafield ind1=" " ind2=" " tag="035">
						<subfield code="a">(DE-101)1209222523</subfield>
					</datafield>
					<datafield ind1=" " ind2=" " tag="035">
						<subfield code="a">(DE-599)DNB1209222523</subfield>
					</datafield>
					<datafield ind1=" " ind2=" " tag="035">
						<subfield code="a">(EXLNZ-41SLSP_NETWORK)991170737493005501</subfield>
					</datafield>
					<datafield ind1=" " ind2=" " tag="040">
						<subfield code="a">DE-101</subfield>
						<subfield code="b">fre</subfield>
						<subfield code="e">rda</subfield>
						<subfield code="c">DE-101</subfield>
						<subfield code="d">0292</subfield>
					</datafield>
					<datafield ind1=" " ind2=" " tag="041">
						<subfield code="a">eng</subfield>
						<subfield code="a">fre</subfield>
					</datafield>
					<datafield ind1=" " ind2=" " tag="044">
						<subfield code="c">XA-DE-BW</subfield>
					</datafield>
					<datafield ind1="7" ind2="4" tag="082">
						<subfield code="a">900</subfield>
						<subfield code="q">DE-101</subfield>
						<subfield code="2">23sdnb</subfield>
					</datafield>
					<datafield ind1="7" ind2="4" tag="082">
						<subfield code="a">900</subfield>
						<subfield code="2">23sdnb</subfield>
					</datafield>
					<datafield ind1="0" ind2="0" tag="245">
						<subfield code="a">Spies, espionage and secret diplomacy in the early modern period</subfield>
						<subfield code="c">Guido Braun, Susanne Lachenicht (Hrsg.)</subfield>
					</datafield>
					<datafield ind1=" " ind2=" " tag="250">
						<subfield code="a">1. Auflage</subfield>
					</datafield>
					<datafield ind1=" " ind2="1" tag="264">
						<subfield code="a">Stuttgart</subfield>
						<subfield code="b">Kohlhammer</subfield>
						<subfield code="c">2021</subfield>
					</datafield>
					<datafield ind1=" " ind2=" " tag="300">
						<subfield code="a">279 pages</subfield>
						<subfield code="b">illustrations</subfield>
					</datafield>
					<datafield ind1=" " ind2=" " tag="336">
						<subfield code="b">txt</subfield>
						<subfield code="2">rdacontent</subfield>
					</datafield>
					<datafield ind1=" " ind2=" " tag="337">
						<subfield code="b">n</subfield>
						<subfield code="2">rdamedia</subfield>
					</datafield>
					<datafield ind1=" " ind2=" " tag="338">
						<subfield code="b">nc</subfield>
						<subfield code="2">rdacarrier</subfield>
					</datafield>
					<datafield ind1="0" ind2=" " tag="490">
						<subfield code="a">Forum historische Forschung: Frühe Neuzeit</subfield>
					</datafield>
					<datafield ind1=" " ind2="7" tag="650">
						<subfield code="a">Espionnage</subfield>
						<subfield code="0">(IDREF)027495752</subfield>
						<subfield code="2">idref</subfield>
					</datafield>
					<datafield ind1=" " ind2="7" tag="650">
						<subfield code="a">16e siècle-18e siècle</subfield>
						<subfield code="2">idref</subfield>
					</datafield>
					<datafield ind1=" " ind2="7" tag="650">
						<subfield code="a">Espions</subfield>
						<subfield code="0">(IDREF)048651567</subfield>
						<subfield code="2">idref</subfield>
					</datafield>
					<datafield ind1=" " ind2="7" tag="650">
						<subfield code="a">Geheimdiplomatie</subfield>
						<subfield code="2">gnd</subfield>
						<subfield code="0">(DE-588)4127762-4</subfield>
					</datafield>
					<datafield ind1=" " ind2="7" tag="650">
						<subfield code="a">Spionage</subfield>
						<subfield code="2">gnd</subfield>
						<subfield code="0">(DE-588)4056287-6</subfield>
					</datafield>
					<datafield ind1=" " ind2="7" tag="648">
						<subfield code="a">Geschichte 1334-1771</subfield>
						<subfield code="2">gnd</subfield>
					</datafield>
					<datafield ind1=" " ind2="7" tag="655">
						<subfield code="a">Aufsatzsammlung</subfield>
						<subfield code="2">gnd-content</subfield>
					</datafield>
					<datafield ind1="1" ind2=" " tag="700">
						<subfield code="6">880-01</subfield>
						<subfield code="a">Pohlig, Matthias</subfield>
						<subfield code="d">1973-</subfield>
						<subfield code="4">aut</subfield>
						<subfield code="0">(DE-588)133309630</subfield>
					</datafield>
					<datafield ind1="1" ind2=" " tag="880">
						<subfield code="6">700-01/(B</subfield>
						<subfield code="a">Pohlig, Matthias</subfield>
						<subfield code="d">1973-....</subfield>
						<subfield code="0">(IDREF)071399437</subfield>
						<subfield code="4">aut</subfield>
					</datafield>
					<datafield ind1="1" ind2=" " tag="700">
						<subfield code="a">Braun, Guido</subfield>
						<subfield code="d">1970-</subfield>
						<subfield code="0">(DE-588)132549360</subfield>
						<subfield code="4">edt</subfield>
					</datafield>
					<datafield ind1="1" ind2=" " tag="700">
						<subfield code="a">Lachenicht, Susanne</subfield>
						<subfield code="d">1971-</subfield>
						<subfield code="0">(DE-588)129498483</subfield>
						<subfield code="4">edt</subfield>
					</datafield>
					<datafield ind1="0" ind2="8" tag="776">
						<subfield code="i">Erscheint auch als</subfield>
						<subfield code="n">Online-Ausgabe</subfield>
						<subfield code="t">Spies, Espionage and Secret Diplomacy in the Early Modern Period</subfield>
						<subfield code="d">Stuttgart : Kohlhammer Verlag, 2021</subfield>
					</datafield>
					<datafield ind1="0" ind2="8" tag="776">
						<subfield code="i">Erscheint auch als</subfield>
						<subfield code="n">Online-Ausgabe, E-Book</subfield>
						<subfield code="z">9783170389397</subfield>
					</datafield>
					<datafield ind1="4" ind2="2" tag="856">
						<subfield code="m">B:DE-101</subfield>
						<subfield code="q">application/pdf</subfield>
						<subfield code="u">https://d-nb.info/1209222523/04</subfield>
						<subfield code="3">Inhaltsverzeichnis</subfield>
					</datafield>
					<datafield ind1=" " ind2=" " tag="900">
						<subfield code="a">Stoppsignal FRED</subfield>
						<subfield code="x">UBS/A202/202204</subfield>
					</datafield>
					<datafield ind1=" " ind2=" " tag="903">
						<subfield code="a">RERO-SIGN</subfield>
						<subfield code="5">BCUFR/20230124/hde</subfield>
					</datafield>
					<datafield ind1=" " ind2=" " tag="949">
						<subfield code="a">https://d-nb.info/1209222523/04</subfield>
					</datafield>
					<datafield ind1=" " ind2=" " tag="AVA">
						<subfield code="0">9911325171105506</subfield>
						<subfield code="8">2286801800005506</subfield>
						<subfield code="a">41SLSP_HSG</subfield>
						<subfield code="b">HSG</subfield>
						<subfield code="c">Upper Floor</subfield>
						<subfield code="d">NN 1400 B825</subfield>
						<subfield code="e">unavailable</subfield>
						<subfield code="f">1</subfield>
						<subfield code="g">1</subfield>
						<subfield code="j">OG</subfield>
						<subfield code="k">4</subfield>
						<subfield code="p">1</subfield>
						<subfield code="q">HSG</subfield>
					</datafield>
				</record>
			</recordData>
			<recordIdentifier>9911325171105506</recordIdentifier>
			<recordPosition>86</recordPosition>
		</record>