
		<record>
			<recordSchema>marcxml</recordSchema>
			<recordPacking>xml</recordPacking>
			<recordData>
				<record xmlns="http://www.loc.gov/MARC21/slim">
					<leader>05925nam a2201033 c 4500</leader>
					<controlfield tag="001">9910544740105506</controlfield>
					<controlfield tag="005">20230327194010.0</controlfield>
					<controlfield tag="008">201011t20182018xxu      b    001 0 eng^^</controlfield>
					<datafield ind1=" " ind2=" " tag="010">
						<subfield code="a">2017052227</subfield>
					</datafield>
					<datafield ind1=" " ind2=" " tag="020">
						<subfield code="a">9781610398022</subfield>
						<subfield code="q">hardcover</subfield>
					</datafield>
					<datafield ind1=" " ind2=" " tag="020">
						<subfield code="z">9781610398039</subfield>
						<subfield code="q">electronic book</subfield>
					</datafield>
					<datafield ind1=" " ind2=" " tag="020">
						<subfield code="a">1610398025</subfield>
						<subfield code="q">hardcover</subfield>
					</datafield>
					<datafield ind1=" " ind2=" " tag="035">
						<subfield code="a">(swissbib)231131798-41slsp_network</subfield>
					</datafield>
					<datafield ind1=" " ind2=" " tag="035">
						<subfield code="a">231131798</subfield>
						<subfield code="9">ExL</subfield>
					</datafield>
					<datafield ind1=" " ind2=" " tag="035">
						<subfield code="a">(IDSSG)001054474HSB01</subfield>
					</datafield>
					<datafield ind1=" " ind2=" " tag="035">
						<subfield code="a">(NEBIS)011142688EBI01</subfield>
					</datafield>
					<datafield ind1=" " ind2=" " tag="035">
						<subfield code="a">(OCoLC)1015275129</subfield>
					</datafield>
					<datafield ind1=" " ind2=" " tag="035">
						<subfield code="a">(EXLNZ-41SLSP_NETWORK)991077394139705501</subfield>
					</datafield>
					<datafield ind1=" " ind2=" " tag="040">
						<subfield code="a">DLC</subfield>
						<subfield code="b">eng</subfield>
						<subfield code="e">rda</subfield>
						<subfield code="d">CH-ZuSLS</subfield>
					</datafield>
					<datafield ind1="0" ind2=" " tag="041">
						<subfield code="a">eng</subfield>
					</datafield>
					<datafield ind1=" " ind2=" " tag="042">
						<subfield code="a">pcc</subfield>
					</datafield>
					<datafield ind1=" " ind2=" " tag="043">
						<subfield code="a">n-us---</subfield>
					</datafield>
					<datafield ind1="0" ind2="4" tag="050">
						<subfield code="a">TK7882.E2</subfield>
						<subfield code="b">L48 2018</subfield>
					</datafield>
					<datafield ind1="0" ind2="0" tag="082">
						<subfield code="a">355.3/4320285</subfield>
						<subfield code="2">23</subfield>
					</datafield>
					<datafield ind1="1" ind2="4" tag="082">
						<subfield code="a">355</subfield>
						<subfield code="2">15</subfield>
					</datafield>
					<datafield ind1=" " ind2=" " tag="084">
						<subfield code="a">MG 70950</subfield>
						<subfield code="2">rvk</subfield>
					</datafield>
					<datafield ind1="1" ind2=" " tag="100">
						<subfield code="a">Levine, Yasha</subfield>
						<subfield code="0">(DE-588)1154795594</subfield>
						<subfield code="e">Verfasser</subfield>
						<subfield code="4">aut</subfield>
					</datafield>
					<datafield ind1="1" ind2="0" tag="245">
						<subfield code="a">Surveillance valley</subfield>
						<subfield code="b">the secret military history of the Internet</subfield>
						<subfield code="c">Yasha Levine</subfield>
					</datafield>
					<datafield ind1="1" ind2="0" tag="246">
						<subfield code="a">&lt;&lt;The&gt;&gt; secret military history of the Internet</subfield>
					</datafield>
					<datafield ind1=" " ind2="1" tag="264">
						<subfield code="a">New York</subfield>
						<subfield code="b">PublicAffairs</subfield>
						<subfield code="c">[2018]</subfield>
					</datafield>
					<datafield ind1=" " ind2="4" tag="264">
						<subfield code="c">© 2018</subfield>
					</datafield>
					<datafield ind1=" " ind2=" " tag="300">
						<subfield code="a">vii, 371 pages</subfield>
						<subfield code="c">25 cm</subfield>
					</datafield>
					<datafield ind1=" " ind2=" " tag="336">
						<subfield code="b">txt</subfield>
						<subfield code="2">rdacontent</subfield>
					</datafield>
					<datafield ind1=" " ind2=" " tag="337">
						<subfield code="b">n</subfield>
						<subfield code="2">rdamedia</subfield>
					</datafield>
					<datafield ind1=" " ind2=" " tag="338">
						<subfield code="b">nc</subfield>
						<subfield code="2">rdacarrier</subfield>
					</datafield>
					<datafield ind1=" " ind2=" " tag="504">
						<subfield code="a">Includes bibliographical references (pages 277-356) and index</subfield>
					</datafield>
					<datafield ind1=" " ind2=" " tag="520">
						<subfield code="a">"Starting in the early 1960s, there was fear in America about the proliferation of computer database and networking technologies. People worried that these systems were going to be used by both corporations and governments for surveillance and control. Indeed, the dominant cultural view at the time was that computers were tools of repression, not liberation -- and that included the ARPANET, the military research network that would grow into the Internet we use today. Surveillance Valley starts in the past, but moves into the present, looking at the private surveillance business that powers much of Silicon Valley and the overlap between the Internet and the military-industrial complex. It also investigates and uncovers the close ties that exist between U.S. intelligence agencies and the anti-government privacy movement that has sprung up in the wake of Edward Snowden's leaks. The Internet was developed as a weapon, and remains a weapon today. American military interests continue to dominate all parts of the network, even those that supposedly stand in opposition."--Provided by publisher</subfield>
					</datafield>
					<datafield ind1=" " ind2="7" tag="648">
						<subfield code="a">Geschichte 1958-2014</subfield>
						<subfield code="2">gnd</subfield>
					</datafield>
					<datafield ind1=" " ind2="7" tag="650">
						<subfield code="a">ARPANet</subfield>
						<subfield code="0">(DE-588)7680810-5</subfield>
						<subfield code="2">gnd</subfield>
					</datafield>
					<datafield ind1=" " ind2="7" tag="650">
						<subfield code="a">Geheimdienst</subfield>
						<subfield code="0">(DE-588)4019737-2</subfield>
						<subfield code="2">gnd</subfield>
					</datafield>
					<datafield ind1=" " ind2="7" tag="650">
						<subfield code="a">Elektronische Überwachung</subfield>
						<subfield code="0">(DE-588)4565767-1</subfield>
						<subfield code="2">gnd</subfield>
					</datafield>
					<datafield ind1=" " ind2="7" tag="650">
						<subfield code="a">Internet</subfield>
						<subfield code="0">(DE-588)4308416-3</subfield>
						<subfield code="2">gnd</subfield>
					</datafield>
					<datafield ind1=" " ind2="7" tag="650">
						<subfield code="a">Militär</subfield>
						<subfield code="0">(DE-588)4039305-7</subfield>
						<subfield code="2">gnd</subfield>
					</datafield>
					<datafield ind1=" " ind2="7" tag="650">
						<subfield code="a">Spionage</subfield>
						<subfield code="0">(DE-588)4056287-6</subfield>
						<subfield code="2">gnd</subfield>
					</datafield>
					<datafield ind1=" " ind2="7" tag="650">
						<subfield code="a">Persönlichkeitsrecht</subfield>
						<subfield code="0">(DE-588)4045245-1</subfield>
						<subfield code="2">gnd</subfield>
					</datafield>
					<datafield ind1=" " ind2="0" tag="650">
						<subfield code="a">Electronic surveillance</subfield>
						<subfield code="z">United States</subfield>
					</datafield>
					<datafield ind1=" " ind2="0" tag="650">
						<subfield code="a">Internet</subfield>
						<subfield code="x">History</subfield>
					</datafield>
					<datafield ind1=" " ind2="0" tag="650">
						<subfield code="a">Civil-military relations</subfield>
						<subfield code="z">United States</subfield>
					</datafield>
					<datafield ind1=" " ind2="0" tag="650">
						<subfield code="a">Military research</subfield>
						<subfield code="z">United States</subfield>
						<subfield code="x">History</subfield>
					</datafield>
					<datafield ind1=" " ind2="0" tag="650">
						<subfield code="a">ARPANET (Computer network)</subfield>
						<subfield code="x">History</subfield>
					</datafield>
					<datafield ind1=" " ind2="0" tag="650">
						<subfield code="a">Domestic intelligence</subfield>
						<subfield code="z">United States</subfield>
					</datafield>
					<datafield ind1=" " ind2="0" tag="650">
						<subfield code="a">Subculture</subfield>
						<subfield code="z">United States</subfield>
						<subfield code="x">History</subfield>
					</datafield>
					<datafield ind1=" " ind2="0" tag="650">
						<subfield code="a">Internet</subfield>
						<subfield code="x">Political aspects</subfield>
					</datafield>
					<datafield ind1=" " ind2="0" tag="650">
						<subfield code="a">Privacy, Right of</subfield>
					</datafield>
					<datafield ind1=" " ind2="0" tag="650">
						<subfield code="a">Intelligence service</subfield>
						<subfield code="z">United States</subfield>
						<subfield code="x">History</subfield>
					</datafield>
					<datafield ind1=" " ind2="7" tag="650">
						<subfield code="a">Überwachung</subfield>
						<subfield code="0">(DE-588)4134175-2</subfield>
						<subfield code="2">gnd</subfield>
					</datafield>
					<datafield ind1=" " ind2="7" tag="650">
						<subfield code="a">ARPANET (Computer network)</subfield>
						<subfield code="2">fast</subfield>
					</datafield>
					<datafield ind1=" " ind2="7" tag="650">
						<subfield code="a">Civil-military relations</subfield>
						<subfield code="2">fast</subfield>
					</datafield>
					<datafield ind1=" " ind2="7" tag="650">
						<subfield code="a">Domestic intelligence</subfield>
						<subfield code="2">fast</subfield>
					</datafield>
					<datafield ind1=" " ind2="7" tag="650">
						<subfield code="a">Electronic surveillance</subfield>
						<subfield code="2">fast</subfield>
					</datafield>
					<datafield ind1=" " ind2="7" tag="650">
						<subfield code="a">Intelligence service</subfield>
						<subfield code="2">fast</subfield>
					</datafield>
					<datafield ind1=" " ind2="7" tag="650">
						<subfield code="a">Internet</subfield>
						<subfield code="2">fast</subfield>
					</datafield>
					<datafield ind1=" " ind2="7" tag="650">
						<subfield code="a">Internet</subfield>
						<subfield code="x">Political aspects</subfield>
						<subfield code="2">fast</subfield>
					</datafield>
					<datafield ind1=" " ind2="7" tag="650">
						<subfield code="a">Military research</subfield>
						<subfield code="2">fast</subfield>
					</datafield>
					<datafield ind1=" " ind2="7" tag="650">
						<subfield code="a">Privacy, Right of</subfield>
						<subfield code="2">fast</subfield>
					</datafield>
					<datafield ind1=" " ind2="7" tag="650">
						<subfield code="a">Subculture</subfield>
						<subfield code="2">fast</subfield>
					</datafield>
					<datafield ind1=" " ind2="7" tag="650">
						<subfield code="a">COMPUTERS / Security / Online Safety &amp; Privacy</subfield>
						<subfield code="2">bisacsh</subfield>
					</datafield>
					<datafield ind1=" " ind2="7" tag="650">
						<subfield code="a">POLITICAL SCIENCE / Privacy &amp; Surveillance</subfield>
						<subfield code="2">bisacsh</subfield>
					</datafield>
					<datafield ind1=" " ind2="7" tag="650">
						<subfield code="a">POLITICAL SCIENCE / Security (National &amp; International)</subfield>
						<subfield code="2">bisacsh</subfield>
					</datafield>
					<datafield ind1=" " ind2="4" tag="650">
						<subfield code="a">POLITICAL SCIENCE / Privacy &amp; Surveillance (see also SOCIAL SCIENCE / Privacy &amp; Surveillance)</subfield>
					</datafield>
					<datafield ind1=" " ind2="4" tag="650">
						<subfield code="a">POLITICAL SCIENCE / Security (National &amp; International)</subfield>
					</datafield>
					<datafield ind1=" " ind2="4" tag="650">
						<subfield code="a">COMPUTERS / Security / Online Safety &amp; Privacy</subfield>
					</datafield>
					<datafield ind1=" " ind2="7" tag="650">
						<subfield code="a">CIVIL-MILITARY RELATIONS (POLITICS)</subfield>
						<subfield code="9">eng</subfield>
						<subfield code="0">(ETHUDK)000066245</subfield>
						<subfield code="2">ethudk</subfield>
					</datafield>
					<datafield ind1=" " ind2="7" tag="650">
						<subfield code="a">INTELLIGENCE SERVICE (ARMED FORCES)</subfield>
						<subfield code="9">eng</subfield>
						<subfield code="0">(ETHUDK)000037502</subfield>
						<subfield code="2">ethudk</subfield>
					</datafield>
					<datafield ind1=" " ind2="7" tag="650">
						<subfield code="a">INTERNET + WORLD WIDE WEB (COMPUTER SYSTEMS)</subfield>
						<subfield code="9">eng</subfield>
						<subfield code="0">(ETHUDK)000050802</subfield>
						<subfield code="2">ethudk</subfield>
					</datafield>
					<datafield ind1=" " ind2="7" tag="650">
						<subfield code="a">MAINTENANCE OF SECRECY + SECURITY + PROTECTIVE MEASURES</subfield>
						<subfield code="9">eng</subfield>
						<subfield code="0">(ETHUDK)000032237</subfield>
						<subfield code="2">ethudk</subfield>
					</datafield>
					<datafield ind1=" " ind2="7" tag="650">
						<subfield code="a">MILITARY HISTORY + WAR HISTORY</subfield>
						<subfield code="9">eng</subfield>
						<subfield code="0">(ETHUDK)000011813</subfield>
						<subfield code="2">ethudk</subfield>
					</datafield>
					<datafield ind1=" " ind2="7" tag="650">
						<subfield code="a">OBSERVATION + MONITORING (BUILDING MAINTENANCE)</subfield>
						<subfield code="9">eng</subfield>
						<subfield code="0">(ETHUDK)000034995</subfield>
						<subfield code="2">ethudk</subfield>
					</datafield>
					<datafield ind1=" " ind2="7" tag="650">
						<subfield code="a">UNITED STATES OF AMERICA, USA (NORTH AMERICA)</subfield>
						<subfield code="9">eng</subfield>
						<subfield code="0">(ETHUDK)000007826</subfield>
						<subfield code="2">ethudk</subfield>
					</datafield>
					<datafield ind1=" " ind2="7" tag="651">
						<subfield code="a">USA</subfield>
						<subfield code="0">(DE-588)4078704-7</subfield>
						<subfield code="2">gnd</subfield>
					</datafield>
					<datafield ind1=" " ind2="7" tag="651">
						<subfield code="a">United States</subfield>
						<subfield code="2">fast</subfield>
					</datafield>
					<datafield ind1=" " ind2="7" tag="655">
						<subfield code="a">History</subfield>
						<subfield code="2">fast</subfield>
					</datafield>
					<datafield ind1=" " ind2=" " tag="690">
						<subfield code="a">Internet; Valley; Index; Datenschutz; Kontrolle; Privatisierung; Kalifornien; Rüstungspolitik; Versprechen; Österreich; Befehl; Spionage; Utopie; Überwachung</subfield>
						<subfield code="2">idssg-J</subfield>
					</datafield>
					<datafield ind1=" " ind2=" " tag="690">
						<subfield code="a">Aufstandsbekämpfung</subfield>
						<subfield code="2">idssg-J</subfield>
					</datafield>
					<datafield ind1=" " ind2=" " tag="690">
						<subfield code="a">falsches Versprechen; geheime Militärgeschichte; neuer Art; verlorenes Kapitel</subfield>
						<subfield code="2">idssg-J</subfield>
					</datafield>
					<datafield ind1=" " ind2=" " tag="690">
						<subfield code="a">Vereinigte Staaten C1USA; Kalifornien C1USA; Österreich C4EUAU</subfield>
						<subfield code="2">idssg-J</subfield>
					</datafield>
					<datafield ind1=" " ind2=" " tag="690">
						<subfield code="a">Edward Snowdens; falsch Versprechen Kapitel; Internet Yasha Levine Public Affairs; Nachwort Mauthausen Österreich; New York York Prolog Oakland Kalifornien; Surveillance Valley; Teil Verlorene Kapitel</subfield>
						<subfield code="2">idssg-J</subfield>
					</datafield>
					<datafield ind1="4" ind2=" " tag="856">
						<subfield code="3">Titelblatt und Inhaltsverzeichnis</subfield>
						<subfield code="u">https://toc.library.ethz.ch/objects/pdf03/z01_978-1-61039-802-2_01.pdf</subfield>
						<subfield code="q">pdf</subfield>
					</datafield>
					<datafield ind1=" " ind2=" " tag="900">
						<subfield code="a">IDSZ2zbzmon201807l</subfield>
						<subfield code="c">IDSZ2wieg</subfield>
						<subfield code="d">IDSZ2zbzswk201810g</subfield>
						<subfield code="e">IDSZ2beck</subfield>
					</datafield>
					<datafield ind1=" " ind2=" " tag="949">
						<subfield code="a">https://toc.library.ethz.ch/objects/pdf03/z01_978-1-61039-802-2_01.pdf</subfield>
					</datafield>
					<datafield ind1=" " ind2=" " tag="990">
						<subfield code="a">CH001C12255447D498421C125850600276F72</subfield>
						<subfield code="b">iCapture</subfield>
						<subfield code="9">local</subfield>
					</datafield>
					<datafield ind1=" " ind2=" " tag="AVA">
						<subfield code="0">9910544740105506</subfield>
						<subfield code="8">2239434960005506</subfield>
						<subfield code="a">41SLSP_HSG</subfield>
						<subfield code="b">HSG</subfield>
						<subfield code="c">Basement</subfield>
						<subfield code="d">MG 70950 L665</subfield>
						<subfield code="e">available</subfield>
						<subfield code="f">1</subfield>
						<subfield code="g">0</subfield>
						<subfield code="j">UG</subfield>
						<subfield code="k">4</subfield>
						<subfield code="p">1</subfield>
						<subfield code="q">HSG</subfield>
					</datafield>
				</record>
			</recordData>
			<recordIdentifier>9910544740105506</recordIdentifier>
			<recordPosition>87</recordPosition>
		</record>