
		<record>
			<recordSchema>marcxml</recordSchema>
			<recordPacking>xml</recordPacking>
			<recordData>
				<record xmlns="http://www.loc.gov/MARC21/slim">
					<leader>03180cam  22029883u 4500</leader>
					<controlfield tag="001">9911247850805506</controlfield>
					<controlfield tag="008">220128s2018||||||||||||o|||||||||||engsd</controlfield>
					<datafield ind1=" " ind2=" " tag="035">
						<subfield code="a">(CKB)5410000000481546</subfield>
					</datafield>
					<datafield ind1=" " ind2=" " tag="035">
						<subfield code="a">(UtSlPG)57817</subfield>
					</datafield>
					<datafield ind1=" " ind2=" " tag="035">
						<subfield code="a">(EXLCZ)995410000000481546</subfield>
					</datafield>
					<datafield ind1=" " ind2=" " tag="040">
						<subfield code="a">UtSlPG</subfield>
						<subfield code="b">eng</subfield>
						<subfield code="c">IL-JeEL</subfield>
					</datafield>
					<datafield ind1=" " ind2=" " tag="041">
						<subfield code="a">eng</subfield>
					</datafield>
					<datafield ind1=" " ind2=" " tag="100">
						<subfield code="a">Morison, Daniel</subfield>
						<subfield code="e">Author</subfield>
					</datafield>
					<datafield ind1="1" ind2="0" tag="245">
						<subfield code="a">The Doctor's Secret Journal</subfield>
					</datafield>
					<datafield ind1=" " ind2=" " tag="260">
						<subfield code="b">Project Gutenberg</subfield>
					</datafield>
					<datafield ind1=" " ind2=" " tag="542">
						<subfield code="f">Public domain in the USA.</subfield>
						<subfield code="k">Project Gutenberg</subfield>
						<subfield code="i">2018-08-30</subfield>
					</datafield>
					<datafield ind1="1" ind2="4" tag="650">
						<subfield code="a">Fort Michilimackinac (Mackinaw City</subfield>
						<subfield code="a">Mich.)</subfield>
					</datafield>
					<datafield ind1=" " ind2=" " tag="700">
						<subfield code="a">May, George S.</subfield>
						<subfield code="d">1924</subfield>
						<subfield code="e">Editor</subfield>
					</datafield>
					<datafield ind1=" " ind2=" " tag="906">
						<subfield code="a">BOOK</subfield>
					</datafield>
					<datafield ind1=" " ind2=" " tag="AVE">
						<subfield code="8">5379356610005506</subfield>
						<subfield code="c">6165459860005506</subfield>
						<subfield code="e">Available</subfield>
						<subfield code="m">Project Gutenberg Online Catalog</subfield>
						<subfield code="t">Project Gutenberg</subfield>
						<subfield code="a">41SLSP_HSG</subfield>
						<subfield code="0">9911247850805506</subfield>
					</datafield>
				</record>
			</recordData>
			<recordIdentifier>9911247850805506</recordIdentifier>
			<recordPosition>90</recordPosition>
		</record>