
		<record>
			<recordSchema>marcxml</recordSchema>
			<recordPacking>xml</recordPacking>
			<recordData>
				<record xmlns="http://www.loc.gov/MARC21/slim">
					<leader>03056cam  22028643u 4500</leader>
					<controlfield tag="001">9911247967405506</controlfield>
					<controlfield tag="008">220128s2019||||||||||||o|||||||||||engsd</controlfield>
					<datafield ind1=" " ind2=" " tag="035">
						<subfield code="a">(CKB)5410000000482388</subfield>
					</datafield>
					<datafield ind1=" " ind2=" " tag="035">
						<subfield code="a">(UtSlPG)58652</subfield>
					</datafield>
					<datafield ind1=" " ind2=" " tag="035">
						<subfield code="a">(EXLCZ)995410000000482388</subfield>
					</datafield>
					<datafield ind1=" " ind2=" " tag="040">
						<subfield code="a">UtSlPG</subfield>
						<subfield code="b">eng</subfield>
						<subfield code="c">IL-JeEL</subfield>
					</datafield>
					<datafield ind1=" " ind2=" " tag="041">
						<subfield code="a">eng</subfield>
					</datafield>
					<datafield ind1=" " ind2=" " tag="100">
						<subfield code="a">Hollister, Paul M. (Paul Merrick)</subfield>
						<subfield code="d">1890-1970</subfield>
						<subfield code="e">Author</subfield>
					</datafield>
					<datafield ind1="1" ind2="0" tag="245">
						<subfield code="a">The German Secret Service in America 1914-1918</subfield>
					</datafield>
					<datafield ind1=" " ind2=" " tag="260">
						<subfield code="b">Project Gutenberg</subfield>
					</datafield>
					<datafield ind1=" " ind2=" " tag="542">
						<subfield code="f">Public domain in the USA.</subfield>
						<subfield code="k">Project Gutenberg</subfield>
						<subfield code="i">2019-01-08</subfield>
					</datafield>
					<datafield ind1="1" ind2="4" tag="650">
						<subfield code="a">World War</subfield>
						<subfield code="a">1914-1918</subfield>
						<subfield code="a">Secret service</subfield>
						<subfield code="a">Germany</subfield>
					</datafield>
					<datafield ind1=" " ind2=" " tag="700">
						<subfield code="a">Jones, John Price</subfield>
						<subfield code="d">1877-1964</subfield>
						<subfield code="e">Author</subfield>
					</datafield>
					<datafield ind1=" " ind2=" " tag="906">
						<subfield code="a">BOOK</subfield>
					</datafield>
					<datafield ind1=" " ind2=" " tag="AVE">
						<subfield code="8">5379391590005506</subfield>
						<subfield code="c">6165459860005506</subfield>
						<subfield code="e">Available</subfield>
						<subfield code="m">Project Gutenberg Online Catalog</subfield>
						<subfield code="t">Project Gutenberg</subfield>
						<subfield code="a">41SLSP_HSG</subfield>
						<subfield code="0">9911247967405506</subfield>
					</datafield>
				</record>
			</recordData>
			<recordIdentifier>9911247967405506</recordIdentifier>
			<recordPosition>91</recordPosition>
		</record>