
		<record>
			<recordSchema>marcxml</recordSchema>
			<recordPacking>xml</recordPacking>
			<recordData>
				<record xmlns="http://www.loc.gov/MARC21/slim">
					<leader>03412cam  22031973u 4500</leader>
					<controlfield tag="001">9911248622805506</controlfield>
					<controlfield tag="008">220128s2021||||||||||||o|||||||||||engsd</controlfield>
					<datafield ind1=" " ind2=" " tag="035">
						<subfield code="a">(CKB)5410000000489528</subfield>
					</datafield>
					<datafield ind1=" " ind2=" " tag="035">
						<subfield code="a">(UtSlPG)65256</subfield>
					</datafield>
					<datafield ind1=" " ind2=" " tag="035">
						<subfield code="a">(EXLCZ)995410000000489528</subfield>
					</datafield>
					<datafield ind1=" " ind2=" " tag="040">
						<subfield code="a">UtSlPG</subfield>
						<subfield code="b">eng</subfield>
						<subfield code="c">IL-JeEL</subfield>
					</datafield>
					<datafield ind1=" " ind2=" " tag="041">
						<subfield code="a">eng</subfield>
					</datafield>
					<datafield ind1=" " ind2=" " tag="100">
						<subfield code="a">Timberlake, Henry</subfield>
						<subfield code="d">1765</subfield>
						<subfield code="e">Author</subfield>
					</datafield>
					<datafield ind1="1" ind2="0" tag="245">
						<subfield code="a">The Memoirs of Lieut. Henry Timberlake (Who Accompanied the Three Cherokee Indians to England in the Year 1762) Containing Whatever He Observed Remarkable, Or Worthy of Public Notice, During His Travels to and from That Nation; Wherein the Country, Government, Genius, and Customs of the Inhabitants, Are Authentically Described. Also the Principal Occurrences During Their Residence in London. Illustrated With an Accurate Map of Their Over-hill Settlement, and a Curious Secret Journal, Taken by the Indians Out of the Pocket of a Frenchman They Had Killed.</subfield>
					</datafield>
					<datafield ind1=" " ind2=" " tag="246">
						<subfield code="a">Memoirs of Lieut. Henry Timberlake</subfield>
					</datafield>
					<datafield ind1=" " ind2=" " tag="246">
						<subfield code="a">The Memoirs of Lieutenant Henry Timberlake</subfield>
					</datafield>
					<datafield ind1=" " ind2=" " tag="260">
						<subfield code="b">Project Gutenberg</subfield>
					</datafield>
					<datafield ind1=" " ind2=" " tag="542">
						<subfield code="f">Public domain in the USA.</subfield>
						<subfield code="k">Project Gutenberg</subfield>
						<subfield code="i">2021-05-04</subfield>
					</datafield>
					<datafield ind1="1" ind2="4" tag="650">
						<subfield code="a">United States</subfield>
						<subfield code="a">History</subfield>
						<subfield code="a">French and Indian War</subfield>
						<subfield code="a">1754-1763</subfield>
					</datafield>
					<datafield ind1=" " ind2=" " tag="906">
						<subfield code="a">BOOK</subfield>
					</datafield>
					<datafield ind1=" " ind2=" " tag="AVE">
						<subfield code="8">5379599500005506</subfield>
						<subfield code="c">6165459860005506</subfield>
						<subfield code="e">Available</subfield>
						<subfield code="m">Project Gutenberg Online Catalog</subfield>
						<subfield code="t">Project Gutenberg</subfield>
						<subfield code="a">41SLSP_HSG</subfield>
						<subfield code="0">9911248622805506</subfield>
					</datafield>
				</record>
			</recordData>
			<recordIdentifier>9911248622805506</recordIdentifier>
			<recordPosition>94</recordPosition>
		</record>